<?xml version="1.0" encoding="UTF-8"?>
<!DOCTYPE html PUBLIC "-//W3C//DTD XHTML 1.0 Transitional//EN"
    "http://www.w3.org/TR/xhtml1/DTD/xhtml1-transitional.dtd">
<html xmlns="http://www.w3.org/1999/xhtml" xml:lang="en" lang="en">
 <head>
  <title>
</title>
<meta http-equiv="Content-Type" content="text/html;charset=utf-8" />
  <meta name='ocr-system' content='tesseract 3.04.00' />
  <meta name='ocr-capabilities' content='ocr_page ocr_carea ocr_par ocr_line ocrx_word'/>
</head>
<body>
  <div class='ocr_page' id='page_1' title='image "antiquitatesital09mura_0013.png"; bbox 0 0 2237 3084; ppageno 0'>
   <div class='ocr_carea' id='block_1_1' title="bbox 0 1381 42 3084">
    <p class='ocr_par' dir='ltr' id='par_1_1' title="bbox 0 1381 42 3084">
     <span class='ocr_line' id='line_1_1' title="bbox 0 1381 42 3084; baseline 0 0"><span class='ocrx_word' id='word_1_1' title='bbox 0 1381 42 3084; x_wconf 95' lang='lat' dir='ltr'> </span> 
     </span>
    </p>
   </div>
   <div class='ocr_carea' id='block_1_2' title="bbox 227 181 1776 270">
    <p class='ocr_par' dir='ltr' id='par_1_2' title="bbox 227 181 1776 270">
     <span class='ocr_line' id='line_1_2' title="bbox 227 181 1776 270; baseline 0.019 -44"><span class='ocrx_word' id='word_1_2' title='bbox 227 216 286 270; x_wconf 44' lang='grc' dir='ltr'>,ἡ</span> <span class='ocrx_word' id='word_1_3' title='bbox 414 207 778 252; x_wconf 69' lang='lat' dir='ltr'><em>DISSERTATJO</em></span> <span class='ocrx_word' id='word_1_4' title='bbox 816 199 1554 263; x_wconf 67' lang='lat' dir='ltr'>QADRAGESIMAQJARTA:</span> <span class='ocrx_word' id='word_1_5' title='bbox 1671 181 1776 254; x_wconf 55' lang='grc' dir='ltr'>ἰε’</span> 
     </span>
    </p>
   </div>
   <div class='ocr_carea' id='block_1_3' title="bbox 171 261 1786 317">
    <p class='ocr_par' dir='ltr' id='par_1_3' title="bbox 171 261 1786 317">
     <span class='ocr_line' id='line_1_3' title="bbox 171 261 1786 317; baseline 0.014 -36"><span class='ocrx_word' id='word_1_6' title='bbox 171 269 236 316; x_wconf 63' lang='lat' dir='ltr'>qui</span> <span class='ocrx_word' id='word_1_7' title='bbox 273 280 469 317; x_wconf 63' lang='lat' dir='ltr'>quanquam</span> <span class='ocrx_word' id='word_1_8' title='bbox 506 268 543 304; x_wconf 71' lang='lat' dir='ltr'>in</span> <span class='ocrx_word' id='word_1_9' title='bbox 580 267 685 304; x_wconf 60' lang='lat' dir='ltr'>editis</span> <span class='ocrx_word' id='word_1_10' title='bbox 717 263 838 301; x_wconf 68' lang='lat' dir='ltr'>Libris</span> <span class='ocrx_word' id='word_1_11' title='bbox 875 272 927 299; x_wconf 73' lang='lat' dir='ltr'>ta-</span> <span class='ocrx_word' id='word_1_12' title='bbox 959 267 995 301; x_wconf 81' lang='lat' dir='ltr'>A</span> <span class='ocrx_word' id='word_1_13' title='bbox 1034 261 1091 295; x_wconf 81' lang='lat' dir='ltr'>bus</span> <span class='ocrx_word' id='word_1_14' title='bbox 1117 261 1272 295; x_wconf 79' lang='lat' dir='ltr'>Dominus</span> <span class='ocrx_word' id='word_1_15' title='bbox 1299 265 1478 298; x_wconf 74' lang='lat' dir='ltr'>Wernerius</span> <span class='ocrx_word' id='word_1_16' title='bbox 1509 265 1619 300; x_wconf 74' lang='lat' dir='ltr'>Libros</span> <span class='ocrx_word' id='word_1_17' title='bbox 1646 272 1786 316; x_wconf 49' lang='lat' dir='ltr'>Legum,</span> 
     </span>
    </p>
   </div>
   <div class='ocr_carea' id='block_1_4' title="bbox 168 313 931 917">
    <p class='ocr_par' dir='ltr' id='par_1_4' title="bbox 168 313 931 917">
     <span class='ocr_line' id='line_1_4' title="bbox 173 313 927 367; baseline -0.008 -13"><span class='ocrx_word' id='word_1_18' title='bbox 173 330 272 363; x_wconf 66' lang='lat' dir='ltr'>cent,</span> <span class='ocrx_word' id='word_1_19' title='bbox 308 319 347 354; x_wconf 88' lang='lat' dir='ltr'>in</span> <span class='ocrx_word' id='word_1_20' title='bbox 384 319 532 367; x_wconf 85' lang='lat' dir='ltr'>privatis</span> <span class='ocrx_word' id='word_1_21' title='bbox 565 327 681 352; x_wconf 86' lang='lat' dir='ltr'>tamen</span> <span class='ocrx_word' id='word_1_22' title='bbox 709 313 927 360; x_wconf 75' lang='lat' dir='ltr'>colloquiiS,</span> 
     </span>
     <span class='ocr_line' id='line_1_5' title="bbox 171 364 928 415; baseline -0.005 -13"><span class='ocrx_word' id='word_1_23' title='bbox 171 378 232 404; x_wconf 86' lang='lat' dir='ltr'>aut</span> <span class='ocrx_word' id='word_1_24' title='bbox 258 369 296 405; x_wconf 90' lang='lat' dir='ltr'>in</span> <span class='ocrx_word' id='word_1_25' title='bbox 323 369 463 405; x_wconf 87' lang='lat' dir='ltr'>intimis</span> <span class='ocrx_word' id='word_1_26' title='bbox 491 365 699 415; x_wconf 82' lang='lat' dir='ltr'>praecordiis</span> <span class='ocrx_word' id='word_1_27' title='bbox 726 377 796 399; x_wconf 89' lang='lat' dir='ltr'>non</span> <span class='ocrx_word' id='word_1_28' title='bbox 820 364 928 399; x_wconf 80' lang='lat' dir='ltr'>fatea-</span> 
     </span>
     <span class='ocr_line' id='line_1_6' title="bbox 171 414 927 463; baseline -0.005 -10"><span class='ocrx_word' id='word_1_29' title='bbox 171 426 256 459; x_wconf 81' lang='lat' dir='ltr'>tur,</span> <span class='ocrx_word' id='word_1_30' title='bbox 294 433 336 455; x_wconf 92' lang='lat' dir='ltr'>ne</span> <span class='ocrx_word' id='word_1_31' title='bbox 372 433 391 455; x_wconf 90' lang='lat' dir='ltr'>a</span> <span class='ocrx_word' id='word_1_32' title='bbox 419 417 548 453; x_wconf 82' lang='lat' dir='ltr'>Garolo</span> <span class='ocrx_word' id='word_1_33' title='bbox 584 414 727 462; x_wconf 85' lang='lat' dir='ltr'>quidem</span> <span class='ocrx_word' id='word_1_34' title='bbox 764 414 927 463; x_wconf 86' lang='lat' dir='ltr'>Magno,</span> 
     </span>
     <span class='ocr_line' id='line_1_7' title="bbox 173 464 929 508; baseline -0.009 -2"><span class='ocrx_word' id='word_1_35' title='bbox 173 470 300 505; x_wconf 86' lang='lat' dir='ltr'>nedum</span> <span class='ocrx_word' id='word_1_36' title='bbox 328 483 347 504; x_wconf 88' lang='lat' dir='ltr'>a</span> <span class='ocrx_word' id='word_1_37' title='bbox 373 464 595 508; x_wconf 84' lang='lat' dir='ltr'>Theodosio,</span> <span class='ocrx_word' id='word_1_38' title='bbox 623 465 850 501; x_wconf 79' lang='lat' dir='ltr'>arcessendam</span> <span class='ocrx_word' id='word_1_39' title='bbox 879 464 929 501; x_wconf 86' lang='lat' dir='ltr'>es—</span> 
     </span>
     <span class='ocr_line' id='line_1_8' title="bbox 173 514 930 564; baseline -0.007 -9"><span class='ocrx_word' id='word_1_40' title='bbox 173 519 206 555; x_wconf 89' lang='lat' dir='ltr'>se</span> <span class='ocrx_word' id='word_1_41' title='bbox 234 520 283 555; x_wconf 84' lang='lat' dir='ltr'>sui</span> <span class='ocrx_word' id='word_1_42' title='bbox 313 514 491 562; x_wconf 82' lang='lat' dir='ltr'>Gymnafii</span> <span class='ocrx_word' id='word_1_43' title='bbox 527 515 723 564; x_wconf 83' lang='lat' dir='ltr'>originem.</span> <span class='ocrx_word' id='word_1_44' title='bbox 761 515 856 551; x_wconf 88' lang='lat' dir='ltr'>Idem</span> <span class='ocrx_word' id='word_1_45' title='bbox 888 516 930 550; x_wconf 90' lang='lat' dir='ltr'>de</span> 
     </span>
     <span class='ocr_line' id='line_1_9' title="bbox 173 565 928 610; baseline -0.003 -7"><span class='ocrx_word' id='word_1_46' title='bbox 173 572 358 610; x_wconf 88' lang='lat' dir='ltr'>Romano,</span> <span class='ocrx_word' id='word_1_47' title='bbox 395 565 600 610; x_wconf 85' lang='lat' dir='ltr'>Ticinenfi‚</span> <span class='ocrx_word' id='word_1_48' title='bbox 639 566 833 605; x_wconf 84' lang='lat' dir='ltr'>Patavino,</span> <span class='ocrx_word' id='word_1_49' title='bbox 871 565 928 601; x_wconf 83' lang='lat' dir='ltr'>Pi—</span> 
     </span>
     <span class='ocr_line' id='line_1_10' title="bbox 171 616 928 664; baseline -0.001 -11"><span class='ocrx_word' id='word_1_50' title='bbox 171 618 278 660; x_wconf 81' lang='lat' dir='ltr'>san0‚</span> <span class='ocrx_word' id='word_1_51' title='bbox 316 617 506 664; x_wconf 87' lang='lat' dir='ltr'>ceterisque</span> <span class='ocrx_word' id='word_1_52' title='bbox 544 616 813 652; x_wconf 76' lang='lat' dir='ltr'>constantissime</span> <span class='ocrx_word' id='word_1_53' title='bbox 850 630 928 664; x_wconf 82' lang='lat' dir='ltr'>pro·</span> 
     </span>
     <span class='ocr_line' id='line_1_11' title="bbox 169 666 929 716; baseline -0.003 -13"><span class='ocrx_word' id='word_1_54' title='bbox 169 667 425 706; x_wconf 83' lang='lat' dir='ltr'>nuntiandum,</span> <span class='ocrx_word' id='word_1_55' title='bbox 447 666 576 715; x_wconf 83' lang='lat' dir='ltr'>quippe</span> <span class='ocrx_word' id='word_1_56' title='bbox 597 667 638 703; x_wconf 92' lang='lat' dir='ltr'>ad</span> <span class='ocrx_word' id='word_1_57' title='bbox 666 676 823 716; x_wconf 87' lang='lat' dir='ltr'>tempora</span> <span class='ocrx_word' id='word_1_58' title='bbox 851 668 929 702; x_wconf 87' lang='lat' dir='ltr'>lon-</span> 
     </span>
     <span class='ocr_line' id='line_1_12' title="bbox 168 717 929 767; baseline -0.001 -14"><span class='ocrx_word' id='word_1_59' title='bbox 168 732 211 767; x_wconf 85' lang='lat' dir='ltr'>ge</span> <span class='ocrx_word' id='word_1_60' title='bbox 241 717 427 765; x_wconf 86' lang='lat' dir='ltr'>posteriora</span> <span class='ocrx_word' id='word_1_61' title='bbox 457 717 628 753; x_wconf 84' lang='lat' dir='ltr'><strong>nativitas</strong></span> <span class='ocrx_word' id='word_1_62' title='bbox 657 717 929 754; x_wconf 77' lang='lat' dir='ltr'>Academiarum</span> 
     </span>
     <span class='ocr_line' id='line_1_13' title="bbox 169 767 931 816; baseline -0.001 -12"><span class='ocrx_word' id='word_1_63' title='bbox 169 769 260 816; x_wconf 89' lang='lat' dir='ltr'>apud</span> <span class='ocrx_word' id='word_1_64' title='bbox 295 768 404 803; x_wconf 84' lang='lat' dir='ltr'>Italos</span> <span class='ocrx_word' id='word_1_65' title='bbox 440 767 485 803; x_wconf 88' lang='lat' dir='ltr'>est</span> <span class='ocrx_word' id='word_1_66' title='bbox 524 768 777 805; x_wconf 88' lang='lat' dir='ltr'>contrahenda.</span> <span class='ocrx_word' id='word_1_67' title='bbox 816 771 931 803; x_wconf 85' lang='lat' dir='ltr'>Immo</span> 
     </span>
     <span class='ocr_line' id='line_1_14' title="bbox 169 818 930 863; baseline -0.001 -9"><span class='ocrx_word' id='word_1_68' title='bbox 169 827 306 854; x_wconf 82' lang='lat' dir='ltr'>tantam</span> <span class='ocrx_word' id='word_1_69' title='bbox 344 818 575 863; x_wconf 88' lang='lat' dir='ltr'>vetustatem,</span> <span class='ocrx_word' id='word_1_70' title='bbox 612 831 651 854; x_wconf 87' lang='lat' dir='ltr'>ac</span> <span class='ocrx_word' id='word_1_71' title='bbox 688 818 847 855; x_wconf 89' lang='lat' dir='ltr'>omnium</span> <span class='ocrx_word' id='word_1_72' title='bbox 876 819 930 854; x_wconf 92' lang='lat' dir='ltr'>di-</span> 
     </span>
     <span class='ocr_line' id='line_1_15' title="bbox 171 869 928 917; baseline -0.001 -12"><span class='ocrx_word' id='word_1_73' title='bbox 171 869 396 917; x_wconf 89' lang='lat' dir='ltr'>sciplinarum</span> <span class='ocrx_word' id='word_1_74' title='bbox 436 869 719 917; x_wconf 86' lang='lat' dir='ltr'>complexionem</span> <span class='ocrx_word' id='word_1_75' title='bbox 759 880 832 905; x_wconf 87' lang='lat' dir='ltr'>tam</span> <span class='ocrx_word' id='word_1_76' title='bbox 870 882 928 904; x_wconf 86' lang='lat' dir='ltr'>an—</span> 
     </span>
    </p>
   </div>
   <div class='ocr_carea' id='block_1_5' title="bbox 170 918 943 966">
    <p class='ocr_par' dir='ltr' id='par_1_5' title="bbox 170 918 943 966">
     <span class='ocr_line' id='line_1_16' title="bbox 170 918 943 966; baseline 0.001 -11"><span class='ocrx_word' id='word_1_77' title='bbox 170 919 307 966; x_wconf 87' lang='lat' dir='ltr'>tiquam</span> <span class='ocrx_word' id='word_1_78' title='bbox 351 918 412 954; x_wconf 82' lang='lat' dir='ltr'>fibi</span> <span class='ocrx_word' id='word_1_79' title='bbox 453 920 606 955; x_wconf 88' lang='lat' dir='ltr'>tribuere</span> <span class='ocrx_word' id='word_1_80' title='bbox 653 933 696 956; x_wconf 90' lang='lat' dir='ltr'>ne</span> <span class='ocrx_word' id='word_1_81' title='bbox 739 919 943 956; x_wconf 16' lang='lat' dir='ltr'>Parifienfisr</span> 
     </span>
    </p>
   </div>
   <div class='ocr_carea' id='block_1_6' title="bbox 171 969 934 1622">
    <p class='ocr_par' dir='ltr' id='par_1_6' title="bbox 171 969 934 1622">
     <span class='ocr_line' id='line_1_17' title="bbox 171 969 930 1019; baseline 0.001 -14"><span class='ocrx_word' id='word_1_82' title='bbox 171 970 314 1017; x_wconf 89' lang='lat' dir='ltr'>quidem</span> <span class='ocrx_word' id='word_1_83' title='bbox 351 969 545 1005; x_wconf 86' lang='lat' dir='ltr'>Academia</span> <span class='ocrx_word' id='word_1_84' title='bbox 587 971 661 1019; x_wconf 83' lang='lat' dir='ltr'>jure</span> <span class='ocrx_word' id='word_1_85' title='bbox 701 970 835 1018; x_wconf 87' lang='lat' dir='ltr'>potest,</span> <span class='ocrx_word' id='word_1_86' title='bbox 874 971 930 1006; x_wconf 90' lang='lat' dir='ltr'>vel</span> 
     </span>
     <span class='ocr_line' id='line_1_18' title="bbox 171 1020 929 1070; baseline 0.001 -14"><span class='ocrx_word' id='word_1_87' title='bbox 171 1020 384 1056; x_wconf 73' lang='lat' dir='ltr'>Turonensis</span> <span class='ocrx_word' id='word_1_88' title='bbox 401 1047 411 1064; x_wconf 90' lang='lat'>,</span> <span class='ocrx_word' id='word_1_89' title='bbox 448 1020 624 1056; x_wconf 87' lang='lat' dir='ltr'>Fuldensis</span> <span class='ocrx_word' id='word_1_90' title='bbox 641 1048 651 1065; x_wconf 95' lang='lat'>,</span> <span class='ocrx_word' id='word_1_91' title='bbox 688 1021 929 1070; x_wconf 80' lang='lat' dir='ltr'>osnabrugen—</span> 
     </span>
     <span class='ocr_line' id='line_1_19' title="bbox 172 1069 929 1117; baseline 0.003 -12"><span class='ocrx_word' id='word_1_92' title='bbox 172 1070 235 1111; x_wconf 71' lang='lat' dir='ltr'>fis,</span> <span class='ocrx_word' id='word_1_93' title='bbox 274 1069 311 1105; x_wconf 86' lang='lat'>&amp;</span> <span class='ocrx_word' id='word_1_94' title='bbox 341 1070 362 1104; x_wconf 80' lang='lat' dir='ltr'>si</span> <span class='ocrx_word' id='word_1_95' title='bbox 391 1083 458 1117; x_wconf 89' lang='lat' dir='ltr'>qua</span> <span class='ocrx_word' id='word_1_96' title='bbox 486 1071 531 1105; x_wconf 87' lang='lat' dir='ltr'>est</span> <span class='ocrx_word' id='word_1_97' title='bbox 558 1071 652 1110; x_wconf 88' lang='lat' dir='ltr'>alia,</span> <span class='ocrx_word' id='word_1_98' title='bbox 679 1084 766 1117; x_wconf 86' lang='lat' dir='ltr'>quae</span> <span class='ocrx_word' id='word_1_99' title='bbox 795 1085 812 1107; x_wconf 88' lang='lat' dir='ltr'>a</span> <span class='ocrx_word' id='word_1_100' title='bbox 840 1073 929 1107; x_wconf 84' lang='lat' dir='ltr'>mul—</span> 
     </span>
     <span class='ocr_line' id='line_1_20' title="bbox 172 1119 928 1160; baseline 0.003 -5"><span class='ocrx_word' id='word_1_101' title='bbox 172 1120 219 1155; x_wconf 84' lang='lat' dir='ltr'>tis</span> <span class='ocrx_word' id='word_1_102' title='bbox 249 1120 381 1154; x_wconf 86' lang='lat' dir='ltr'>Seculis</span> <span class='ocrx_word' id='word_1_103' title='bbox 418 1119 561 1160; x_wconf 80' lang='lat' dir='ltr'>floreat,</span> <span class='ocrx_word' id='word_1_104' title='bbox 592 1130 653 1156; x_wconf 84' lang='lat' dir='ltr'>aut</span> <span class='ocrx_word' id='word_1_105' title='bbox 680 1122 768 1156; x_wconf 90' lang='lat' dir='ltr'>olim</span> <span class='ocrx_word' id='word_1_106' title='bbox 807 1121 928 1157; x_wconf 87' lang='lat' dir='ltr'>florue-</span> 
     </span>
     <span class='ocr_line' id='line_1_21' title="bbox 172 1169 926 1208; baseline 0.003 -2"><span class='ocrx_word' id='word_1_107' title='bbox 172 1170 243 1206; x_wconf 78' lang='lat' dir='ltr'>rit.</span> <span class='ocrx_word' id='word_1_108' title='bbox 280 1169 392 1205; x_wconf 89' lang='lat' dir='ltr'>Aliud</span> <span class='ocrx_word' id='word_1_109' title='bbox 421 1170 515 1204; x_wconf 81' lang='lat' dir='ltr'>enim</span> <span class='ocrx_word' id='word_1_110' title='bbox 554 1169 598 1205; x_wconf 84' lang='lat' dir='ltr'>est</span> <span class='ocrx_word' id='word_1_111' title='bbox 625 1170 800 1206; x_wconf 87' lang='lat' dir='ltr'>restituere</span> <span class='ocrx_word' id='word_1_112' title='bbox 829 1172 926 1208; x_wconf 89' lang='lat' dir='ltr'>Lite—</span> 
     </span>
     <span class='ocr_line' id='line_1_22' title="bbox 172 1219 924 1268; baseline 0.001 -12"><span class='ocrx_word' id='word_1_113' title='bbox 172 1234 226 1257; x_wconf 81' lang='lat' dir='ltr'>ras</span> <span class='ocrx_word' id='word_1_114' title='bbox 244 1246 252 1258; x_wconf 77' lang='lat'><strong>.</strong></span> <span class='ocrx_word' id='word_1_115' title='bbox 290 1221 323 1255; x_wconf 79' lang='lat'>8&lt;</span> <span class='ocrx_word' id='word_1_116' title='bbox 352 1219 484 1268; x_wconf 84' lang='lat' dir='ltr'>aperire</span> <span class='ocrx_word' id='word_1_117' title='bbox 512 1220 671 1256; x_wconf 85' lang='lat' dir='ltr'>Scholam</span> <span class='ocrx_word' id='word_1_118' title='bbox 703 1221 850 1268; x_wconf 87' lang='lat' dir='ltr'>alicujus</span> <span class='ocrx_word' id='word_1_119' title='bbox 878 1223 924 1257; x_wconf 91' lang='lat' dir='ltr'>di-</span> 
     </span>
     <span class='ocr_line' id='line_1_23' title="bbox 172 1270 928 1318; baseline 0.003 -12"><span class='ocrx_word' id='word_1_120' title='bbox 172 1270 362 1318; x_wconf 86' lang='lat' dir='ltr'>sciplinae,</span> <span class='ocrx_word' id='word_1_121' title='bbox 391 1270 485 1305; x_wconf 85' lang='lat' dir='ltr'>aliud</span> <span class='ocrx_word' id='word_1_122' title='bbox 511 1271 672 1306; x_wconf 89' lang='lat' dir='ltr'>omnium</span> <span class='ocrx_word' id='word_1_123' title='bbox 698 1271 928 1308; x_wconf 87' lang='lat' dir='ltr'>Scientiarum</span> 
     </span>
     <span class='ocr_line' id='line_1_24' title="bbox 172 1321 929 1367; baseline 0.005 -12"><span class='ocrx_word' id='word_1_124' title='bbox 172 1322 351 1367; x_wconf 86' lang='lat' dir='ltr'>Lycaeum</span> <span class='ocrx_word' id='word_1_125' title='bbox 371 1321 570 1357; x_wconf 82' lang='lat' dir='ltr'>efformare.</span> <span class='ocrx_word' id='word_1_126' title='bbox 590 1321 717 1359; x_wconf 83' lang='lat' dir='ltr'>Liceat</span> <span class='ocrx_word' id='word_1_127' title='bbox 732 1322 810 1359; x_wconf 83' lang='lat' dir='ltr'>sane</span> <span class='ocrx_word' id='word_1_128' title='bbox 824 1325 929 1359; x_wconf 87' lang='lat' dir='ltr'>scho-</span> 
     </span>
     <span class='ocr_line' id='line_1_25' title="bbox 174 1372 927 1422; baseline 0.005 -16"><span class='ocrx_word' id='word_1_129' title='bbox 174 1372 226 1407; x_wconf 90' lang='lat' dir='ltr'>las</span> <span class='ocrx_word' id='word_1_130' title='bbox 253 1385 372 1407; x_wconf 87' lang='lat' dir='ltr'>eorum</span> <span class='ocrx_word' id='word_1_131' title='bbox 404 1381 601 1420; x_wconf 88' lang='lat' dir='ltr'>temporum</span> <span class='ocrx_word' id='word_1_132' title='bbox 629 1375 802 1422; x_wconf 86' lang='lat' dir='ltr'>appellare</span> <span class='ocrx_word' id='word_1_133' title='bbox 830 1374 927 1410; x_wconf 90' lang='lat' dir='ltr'>semi—</span> 
     </span>
     <span class='ocr_line' id='line_1_26' title="bbox 173 1423 929 1472; baseline 0.004 -15"><span class='ocrx_word' id='word_1_134' title='bbox 173 1433 218 1457; x_wconf 83' lang='lat' dir='ltr'>na</span> <span class='ocrx_word' id='word_1_135' title='bbox 247 1423 516 1458; x_wconf 79' lang='lat' dir='ltr'>Academiarum</span> <span class='ocrx_word' id='word_1_136' title='bbox 554 1425 658 1472; x_wconf 84' lang='lat' dir='ltr'>longe</span> <span class='ocrx_word' id='word_1_137' title='bbox 695 1424 799 1460; x_wconf 86' lang='lat' dir='ltr'>serius</span> <span class='ocrx_word' id='word_1_138' title='bbox 835 1425 929 1460; x_wconf 80' lang='lat' dir='ltr'>inssi-</span> 
     </span>
     <span class='ocr_line' id='line_1_27' title="bbox 174 1473 930 1522; baseline 0.005 -15"><span class='ocrx_word' id='word_1_139' title='bbox 174 1481 353 1508; x_wconf 84' lang='lat' dir='ltr'>tutarum:</span> <span class='ocrx_word' id='word_1_140' title='bbox 385 1473 438 1508; x_wconf 86' lang='lat' dir='ltr'>sed</span> <span class='ocrx_word' id='word_1_141' title='bbox 460 1474 662 1522; x_wconf 77' lang='lat' dir='ltr'>neutiquam</span> <span class='ocrx_word' id='word_1_142' title='bbox 685 1487 763 1510; x_wconf 88' lang='lat' dir='ltr'>cum</span> <span class='ocrx_word' id='word_1_143' title='bbox 787 1475 830 1511; x_wconf 87' lang='lat' dir='ltr'>iis</span> <span class='ocrx_word' id='word_1_144' title='bbox 851 1489 930 1511; x_wconf 89' lang='lat' dir='ltr'>con·</span> 
     </span>
     <span class='ocr_line' id='line_1_28' title="bbox 172 1521 930 1562; baseline 0.008 -6"><span class='ocrx_word' id='word_1_145' title='bbox 172 1521 367 1558; x_wconf 85' lang='lat' dir='ltr'>fundendus</span> <span class='ocrx_word' id='word_1_146' title='bbox 405 1522 493 1558; x_wconf 83' lang='lat' dir='ltr'>ritus</span> <span class='ocrx_word' id='word_1_147' title='bbox 530 1537 568 1559; x_wconf 85' lang='lat' dir='ltr'>ac</span> <span class='ocrx_word' id='word_1_148' title='bbox 605 1525 783 1561; x_wconf 85' lang='lat' dir='ltr'>institutio</span> <span class='ocrx_word' id='word_1_149' title='bbox 810 1529 930 1562; x_wconf 83' lang='lat' dir='ltr'>Saecu-</span> 
     </span>
     <span class='ocr_line' id='line_1_29' title="bbox 171 1572 934 1622; baseline 0.008 -16"><span class='ocrx_word' id='word_1_150' title='bbox 171 1572 288 1607; x_wconf 88' lang='lat' dir='ltr'>lorum</span> <span class='ocrx_word' id='word_1_151' title='bbox 329 1573 489 1621; x_wconf 85' lang='lat' dir='ltr'>proxime</span> <span class='ocrx_word' id='word_1_152' title='bbox 527 1574 814 1612; x_wconf 89' lang='lat' dir='ltr'>succedentium.</span> <span class='ocrx_word' id='word_1_153' title='bbox 852 1579 934 1622; x_wconf 85' lang='lat' dir='ltr'>Quo</span> 
     </span>
    </p>
   </div>
   <div class='ocr_carea' id='block_1_7' title="bbox 172 1622 997 1672">
    <p class='ocr_par' dir='ltr' id='par_1_7' title="bbox 172 1622 997 1672">
     <span class='ocr_line' id='line_1_30' title="bbox 172 1622 997 1672; baseline 0.007 -15"><span class='ocrx_word' id='word_1_154' title='bbox 172 1632 289 1658; x_wconf 85' lang='lat' dir='ltr'>autem</span> <span class='ocrx_word' id='word_1_155' title='bbox 335 1633 492 1672; x_wconf 88' lang='lat' dir='ltr'>tempore</span> <span class='ocrx_word' id='word_1_156' title='bbox 530 1624 568 1660; x_wconf 89' lang='lat' dir='ltr'>in</span> <span class='ocrx_word' id='word_1_157' title='bbox 612 1625 716 1662; x_wconf 82' lang='lat' dir='ltr'>Italia</span> <span class='ocrx_word' id='word_1_158' title='bbox 757 1628 934 1663; x_wconf 86' lang='lat' dir='ltr'>emerserit</span> <span class='ocrx_word' id='word_1_159' title='bbox 970 1622 997 1655; x_wconf 82' lang='lat' dir='ltr'>D</span> 
     </span>
    </p>
   </div>
   <div class='ocr_carea' id='block_1_8' title="bbox 169 1672 932 2608">
    <p class='ocr_par' dir='ltr' id='par_1_8' title="bbox 169 1672 932 2370">
     <span class='ocr_line' id='line_1_31' title="bbox 170 1672 931 1720; baseline 0.008 -13"><span class='ocrx_word' id='word_1_160' title='bbox 170 1672 287 1720; x_wconf 87' lang='lat' dir='ltr'>primo</span> <span class='ocrx_word' id='word_1_161' title='bbox 315 1675 508 1710; x_wconf 83' lang='lat' dir='ltr'>Academia</span> <span class='ocrx_word' id='word_1_162' title='bbox 537 1676 767 1713; x_wconf 76' lang='lat' dir='ltr'>scientiarum</span> <span class='ocrx_word' id='word_1_163' title='bbox 797 1691 836 1713; x_wconf 92' lang='lat' dir='ltr'>ac</span> <span class='ocrx_word' id='word_1_164' title='bbox 864 1680 931 1712; x_wconf 86' lang='lat' dir='ltr'>Ar—</span> 
     </span>
     <span class='ocr_line' id='line_1_32' title="bbox 170 1722 930 1772; baseline 0.007 -16"><span class='ocrx_word' id='word_1_165' title='bbox 170 1722 261 1757; x_wconf 85' lang='lat' dir='ltr'>tium</span> <span class='ocrx_word' id='word_1_166' title='bbox 280 1748 290 1763; x_wconf 90' lang='lat'>,</span> <span class='ocrx_word' id='word_1_167' title='bbox 318 1725 350 1759; x_wconf 75' lang='grc' dir='ltr'>ὃ(</span> <span class='ocrx_word' id='word_1_168' title='bbox 380 1738 467 1772; x_wconf 88' lang='lat' dir='ltr'>quae</span> <span class='ocrx_word' id='word_1_169' title='bbox 496 1725 579 1761; x_wconf 88' lang='lat' dir='ltr'>haec</span> <span class='ocrx_word' id='word_1_170' title='bbox 607 1726 737 1770; x_wconf 87' lang='lat' dir='ltr'>fuerit,</span> <span class='ocrx_word' id='word_1_171' title='bbox 766 1727 868 1761; x_wconf 88' lang='lat' dir='ltr'>nobis</span> <span class='ocrx_word' id='word_1_172' title='bbox 897 1740 930 1761; x_wconf 86' lang='lat' dir='ltr'>e-</span> 
     </span>
     <span class='ocr_line' id='line_1_33' title="bbox 174 1771 932 1824; baseline 0.007 -18"><span class='ocrx_word' id='word_1_173' title='bbox 174 1771 359 1806; x_wconf 83' lang='lat' dir='ltr'>dicendum</span> <span class='ocrx_word' id='word_1_174' title='bbox 373 1797 380 1804; x_wconf 90' lang='lat'>.</span> <span class='ocrx_word' id='word_1_175' title='bbox 406 1774 632 1807; x_wconf 75' lang='lat' dir='ltr'>Bononiensis</span> <span class='ocrx_word' id='word_1_176' title='bbox 653 1775 715 1809; x_wconf 89' lang='lat' dir='ltr'>illa</span> <span class='ocrx_word' id='word_1_177' title='bbox 736 1775 825 1813; x_wconf 87' lang='lat' dir='ltr'>fuit,</span> <span class='ocrx_word' id='word_1_178' title='bbox 846 1789 932 1824; x_wconf 82' lang='lat' dir='ltr'>quae</span> 
     </span>
     <span class='ocr_line' id='line_1_34' title="bbox 172 1819 931 1862; baseline 0.005 -7"><span class='ocrx_word' id='word_1_179' title='bbox 172 1829 213 1855; x_wconf 84' lang='lat' dir='ltr'>ut</span> <span class='ocrx_word' id='word_1_180' title='bbox 242 1819 433 1862; x_wconf 82' lang='lat' dir='ltr'>vetustate,</span> <span class='ocrx_word' id='word_1_181' title='bbox 472 1820 523 1853; x_wconf 84' lang='lat' dir='ltr'>ita</span> <span class='ocrx_word' id='word_1_182' title='bbox 560 1820 597 1854; x_wconf 73' lang='grc' dir='ltr'>ἃ</span> <span class='ocrx_word' id='word_1_183' title='bbox 630 1824 833 1858; x_wconf 76' lang='lat' dir='ltr'>celebritate</span> <span class='ocrx_word' id='word_1_184' title='bbox 868 1839 931 1859; x_wconf 85' lang='lat' dir='ltr'>no—</span> 
     </span>
     <span class='ocr_line' id='line_1_35' title="bbox 172 1867 930 1916; baseline 0.004 -12"><span class='ocrx_word' id='word_1_185' title='bbox 172 1869 280 1905; x_wconf 84' lang='lat' dir='ltr'>minis</span> <span class='ocrx_word' id='word_1_186' title='bbox 298 1896 308 1912; x_wconf 86' lang='lat'>,</span> <span class='ocrx_word' id='word_1_187' title='bbox 335 1869 368 1903; x_wconf 86' lang='lat'>&amp;</span> <span class='ocrx_word' id='word_1_188' title='bbox 399 1867 498 1916; x_wconf 62' lang='lat' dir='ltr'>copia</span> <span class='ocrx_word' id='word_1_189' title='bbox 526 1870 694 1904; x_wconf 85' lang='lat' dir='ltr'>Virorum</span> <span class='ocrx_word' id='word_1_190' title='bbox 722 1870 930 1912; x_wconf 84' lang='lat' dir='ltr'>illustrium,</span> 
     </span>
     <span class='ocr_line' id='line_1_36' title="bbox 172 1918 930 1969; baseline 0.005 -15"><span class='ocrx_word' id='word_1_191' title='bbox 172 1919 295 1954; x_wconf 90' lang='lat' dir='ltr'>ceteris</span> <span class='ocrx_word' id='word_1_192' title='bbox 316 1918 449 1954; x_wconf 84' lang='lat' dir='ltr'>Italicis</span> <span class='ocrx_word' id='word_1_193' title='bbox 472 1918 690 1965; x_wconf 87' lang='lat' dir='ltr'>praeferenda</span> <span class='ocrx_word' id='word_1_194' title='bbox 705 1920 749 1955; x_wconf 89' lang='lat' dir='ltr'>est</span> <span class='ocrx_word' id='word_1_195' title='bbox 763 1945 772 1960; x_wconf 93' lang='lat'>,</span> <span class='ocrx_word' id='word_1_196' title='bbox 790 1922 823 1956; x_wconf 78' lang='lat'>8&lt;</span> <span class='ocrx_word' id='word_1_197' title='bbox 844 1935 930 1969; x_wconf 88' lang='lat' dir='ltr'>quae</span> 
     </span>
     <span class='ocr_line' id='line_1_37' title="bbox 172 1968 929 2018; baseline 0.007 -15"><span class='ocrx_word' id='word_1_198' title='bbox 172 1981 251 2004; x_wconf 90' lang='lat' dir='ltr'>cum</span> <span class='ocrx_word' id='word_1_199' title='bbox 280 1968 359 2016; x_wconf 84' lang='lat' dir='ltr'>ipsis</span> <span class='ocrx_word' id='word_1_200' title='bbox 388 1969 517 2004; x_wconf 84' lang='lat' dir='ltr'>exteris</span> <span class='ocrx_word' id='word_1_201' title='bbox 545 1969 587 2005; x_wconf 85' lang='lat' dir='ltr'>de</span> <span class='ocrx_word' id='word_1_202' title='bbox 623 1970 838 2018; x_wconf 79' lang='lat' dir='ltr'>antiquitate</span> <span class='ocrx_word' id='word_1_203' title='bbox 868 1973 929 2008; x_wconf 75' lang='lat' dir='ltr'>sal—</span> 
     </span>
     <span class='ocr_line' id='line_1_38' title="bbox 170 2020 929 2069; baseline 0.007 -15"><span class='ocrx_word' id='word_1_204' title='bbox 170 2027 242 2055; x_wconf 77' lang='lat' dir='ltr'>tem</span> <span class='ocrx_word' id='word_1_205' title='bbox 282 2029 411 2056; x_wconf 84' lang='lat' dir='ltr'>certare</span> <span class='ocrx_word' id='word_1_206' title='bbox 447 2020 564 2066; x_wconf 66' lang='lat' dir='ltr'>aliqua</span> <span class='ocrx_word' id='word_1_207' title='bbox 596 2034 638 2056; x_wconf 85' lang='lat' dir='ltr'>ex</span> <span class='ocrx_word' id='word_1_208' title='bbox 676 2031 772 2069; x_wconf 86' lang='lat' dir='ltr'>parte</span> <span class='ocrx_word' id='word_1_209' title='bbox 809 2022 929 2069; x_wconf 83' lang='lat' dir='ltr'>poffit.</span> 
     </span>
     <span class='ocr_line' id='line_1_39' title="bbox 172 2068 928 2119; baseline 0.005 -14"><span class='ocrx_word' id='word_1_210' title='bbox 172 2068 361 2106; x_wconf 84' lang='lat' dir='ltr'>Rationem</span> <span class='ocrx_word' id='word_1_211' title='bbox 393 2071 487 2106; x_wconf 87' lang='lat' dir='ltr'>enati</span> <span class='ocrx_word' id='word_1_212' title='bbox 519 2071 744 2107; x_wconf 83' lang='lat' dir='ltr'>Bononiensis</span> <span class='ocrx_word' id='word_1_213' title='bbox 773 2075 928 2119; x_wconf 89' lang='lat' dir='ltr'>Gymna-</span> 
     </span>
     <span class='ocr_line' id='line_1_40' title="bbox 170 2118 930 2168; baseline 0.005 -12"><span class='ocrx_word' id='word_1_214' title='bbox 170 2118 210 2156; x_wconf 78' lang='lat' dir='ltr'>fii</span> <span class='ocrx_word' id='word_1_215' title='bbox 239 2133 281 2156; x_wconf 90' lang='lat' dir='ltr'>ne</span> <span class='ocrx_word' id='word_1_216' title='bbox 310 2119 370 2168; x_wconf 85' lang='lat' dir='ltr'>ipsi</span> <span class='ocrx_word' id='word_1_217' title='bbox 399 2121 539 2168; x_wconf 90' lang='lat' dir='ltr'>quidem</span> <span class='ocrx_word' id='word_1_218' title='bbox 571 2123 804 2159; x_wconf 86' lang='lat' dir='ltr'>Bononienses</span> <span class='ocrx_word' id='word_1_219' title='bbox 836 2135 930 2161; x_wconf 80' lang='lat' dir='ltr'>certo</span> 
     </span>
     <span class='ocr_line' id='line_1_41' title="bbox 169 2172 929 2219; baseline 0.005 -13"><span class='ocrx_word' id='word_1_220' title='bbox 169 2180 327 2216; x_wconf 82' lang='lat' dir='ltr'>norunt,</span> <span class='ocrx_word' id='word_1_221' title='bbox 356 2172 448 2219; x_wconf 87' lang='lat' dir='ltr'>quod</span> <span class='ocrx_word' id='word_1_222' title='bbox 477 2185 534 2207; x_wconf 90' lang='lat' dir='ltr'>eos</span> <span class='ocrx_word' id='word_1_223' title='bbox 561 2173 716 2208; x_wconf 83' lang='lat' dir='ltr'>Historia</span> <span class='ocrx_word' id='word_1_224' title='bbox 743 2175 774 2209; x_wconf 77' lang='lat'>8&lt;</span> <span class='ocrx_word' id='word_1_225' title='bbox 805 2182 929 2211; x_wconf 84' lang='lat' dir='ltr'>monu-</span> 
     </span>
     <span class='ocr_line' id='line_1_42' title="bbox 171 2222 929 2272; baseline 0.007 -16"><span class='ocrx_word' id='word_1_226' title='bbox 171 2231 290 2257; x_wconf 88' lang='lat' dir='ltr'>menta</span> <span class='ocrx_word' id='word_1_227' title='bbox 319 2222 360 2257; x_wconf 85' lang='lat' dir='ltr'>ad</span> <span class='ocrx_word' id='word_1_228' title='bbox 399 2222 486 2258; x_wconf 82' lang='lat' dir='ltr'>hanc</span> <span class='ocrx_word' id='word_1_229' title='bbox 515 2236 585 2269; x_wconf 85' lang='lat' dir='ltr'>rem</span> <span class='ocrx_word' id='word_1_230' title='bbox 623 2234 819 2272; x_wconf 80' lang='lat' dir='ltr'>opportuna</span> <span class='ocrx_word' id='word_1_231' title='bbox 846 2225 929 2261; x_wconf 79' lang='lat' dir='ltr'>deti-</span> 
     </span>
     <span class='ocr_line' id='line_1_43' title="bbox 171 2271 930 2322; baseline 0.008 -16"><span class='ocrx_word' id='word_1_232' title='bbox 171 2271 296 2307; x_wconf 80' lang='lat' dir='ltr'>ciunt.</span> <span class='ocrx_word' id='word_1_233' title='bbox 337 2274 413 2322; x_wconf 79' lang='lat' dir='ltr'>Ego</span> <span class='ocrx_word' id='word_1_234' title='bbox 454 2286 552 2316; x_wconf 81' lang='lat' dir='ltr'>rem,</span> <span class='ocrx_word' id='word_1_235' title='bbox 590 2275 694 2322; x_wconf 71' lang='lat' dir='ltr'>quam</span> <span class='ocrx_word' id='word_1_236' title='bbox 734 2275 930 2312; x_wconf 74' lang='lat' dir='ltr'>brevissime</span> 
     </span>
     <span class='ocr_line' id='line_1_44' title="bbox 171 2323 604 2370; baseline 0.007 -13"><span class='ocrx_word' id='word_1_237' title='bbox 171 2331 294 2370; x_wconf 84' lang='lat' dir='ltr'>potero</span> <span class='ocrx_word' id='word_1_238' title='bbox 311 2350 319 2366; x_wconf 90' lang='lat'><em>‚</em></span> <span class='ocrx_word' id='word_1_239' title='bbox 350 2323 604 2370; x_wconf 76' lang='lat' dir='ltr'>perscrutabor.</span> 
     </span>
    </p>

    <p class='ocr_par' dir='ltr' id='par_1_9' title="bbox 173 2373 930 2578">
     <span class='ocr_line' id='line_1_45' title="bbox 224 2373 928 2420; baseline 0.011 -14"><span class='ocrx_word' id='word_1_240' title='bbox 224 2373 471 2420; x_wconf 79' lang='lat' dir='ltr'>Vulgatiffima</span> <span class='ocrx_word' id='word_1_241' title='bbox 510 2375 588 2410; x_wconf 85' lang='lat' dir='ltr'>sunt</span> <span class='ocrx_word' id='word_1_242' title='bbox 623 2377 777 2413; x_wconf 86' lang='lat' dir='ltr'>Conradi</span> <span class='ocrx_word' id='word_1_243' title='bbox 809 2379 928 2414; x_wconf 80' lang='lat' dir='ltr'>Abba-</span> 
     </span>
     <span class='ocr_line' id='line_1_46' title="bbox 174 2420 926 2473; baseline 0.013 -18"><span class='ocrx_word' id='word_1_244' title='bbox 174 2420 219 2456; x_wconf 80' lang='lat' dir='ltr'>tis</span> <span class='ocrx_word' id='word_1_245' title='bbox 251 2423 485 2473; x_wconf 83' lang='lat' dir='ltr'>Urspergensis</span> <span class='ocrx_word' id='word_1_246' title='bbox 524 2427 652 2470; x_wconf 87' lang='lat' dir='ltr'>verba,</span> <span class='ocrx_word' id='word_1_247' title='bbox 690 2428 748 2463; x_wconf 89' lang='lat' dir='ltr'>ubi</span> <span class='ocrx_word' id='word_1_248' title='bbox 784 2428 825 2464; x_wconf 90' lang='lat' dir='ltr'>de</span> <span class='ocrx_word' id='word_1_249' title='bbox 860 2431 926 2464; x_wconf 82' lang='lat' dir='ltr'>Lo—</span> 
     </span>
     <span class='ocr_line' id='line_1_47' title="bbox 176 2469 928 2523; baseline 0.013 -18"><span class='ocrx_word' id='word_1_250' title='bbox 176 2469 289 2507; x_wconf 73' lang='lat' dir='ltr'>thario</span> <span class='ocrx_word' id='word_1_251' title='bbox 327 2476 371 2518; x_wconf 70' lang='lat' dir='ltr'>II.</span> <span class='ocrx_word' id='word_1_252' title='bbox 409 2476 565 2523; x_wconf 82' lang='lat' dir='ltr'>Augusso</span> <span class='ocrx_word' id='word_1_253' title='bbox 605 2476 745 2513; x_wconf 84' lang='lat' dir='ltr'>circiter</span> <span class='ocrx_word' id='word_1_254' title='bbox 783 2482 928 2515; x_wconf 88' lang='lat' dir='ltr'>Annum</span> 
     </span>
     <span class='ocr_line' id='line_1_48' title="bbox 173 2519 930 2578; baseline 0.015 -23"><span class='ocrx_word' id='word_1_255' title='bbox 173 2519 384 2557; x_wconf 68' lang='lat' dir='ltr'>MLXXVI.</span> <span class='ocrx_word' id='word_1_256' title='bbox 412 2527 607 2576; x_wconf 67' lang='lat' dir='ltr'>loquiturJ&#39;</span> <span class='ocrx_word' id='word_1_257' title='bbox 628 2529 759 2576; x_wconf 68' lang='lat' dir='ltr'>Easdem</span> <span class='ocrx_word' id='word_1_258' title='bbox 786 2531 930 2578; x_wconf 76' lang='lat' dir='ltr'>tempori-</span> 
     </span>
    </p>

    <p class='ocr_par' dir='ltr' id='par_1_10' title="bbox 269 2573 444 2608">
     <span class='ocr_line' id='line_1_49' title="bbox 269 2573 444 2608; baseline 0.011 -2"><span class='ocrx_word' id='word_1_259' title='bbox 269 2573 358 2607; x_wconf 69' lang='lat' dir='ltr'>Tem.</span> <span class='ocrx_word' id='word_1_260' title='bbox 384 2575 444 2608; x_wconf 75' lang='lat' dir='ltr'>JX.</span> 
     </span>
    </p>
   </div>
   <div class='ocr_carea' id='block_1_9' title="bbox 1033 310 1788 364">
    <p class='ocr_par' dir='ltr' id='par_1_11' title="bbox 1033 310 1788 364">
     <span class='ocr_line' id='line_1_50' title="bbox 1033 310 1788 364; baseline 0.015 -22"><span class='ocrx_word' id='word_1_261' title='bbox 1033 310 1088 356; x_wconf 69' lang='lat' dir='ltr'>qui</span> <span class='ocrx_word' id='word_1_262' title='bbox 1122 312 1241 344; x_wconf 74' lang='lat' dir='ltr'>(ludum</span> <span class='ocrx_word' id='word_1_263' title='bbox 1278 314 1412 359; x_wconf 60' lang='lat' dir='ltr'>neglcfii</span> <span class='ocrx_word' id='word_1_264' title='bbox 1445 315 1593 359; x_wconf 71' lang='lat' dir='ltr'>fuerant,</span> <span class='ocrx_word' id='word_1_265' title='bbox 1631 330 1682 350; x_wconf 76' lang='lat' dir='ltr'>nec</span> <span class='ocrx_word' id='word_1_266' title='bbox 1716 321 1788 364; x_wconf 75' lang='lat' dir='ltr'>qui-</span> 
     </span>
    </p>
   </div>
   <div class='ocr_carea' id='block_1_10' title="bbox 1027 361 1790 413">
    <p class='ocr_par' dir='ltr' id='par_1_12' title="bbox 1027 361 1790 413">
     <span class='ocr_line' id='line_1_51' title="bbox 1027 361 1790 413; baseline 0.01 -20"><span class='ocrx_word' id='word_1_267' title='bbox 1027 365 1142 406; x_wconf 81' lang='lat' dir='ltr'>Jquam</span> <span class='ocrx_word' id='word_1_268' title='bbox 1171 361 1204 395; x_wconf 74' lang='lat' dir='ltr'>in</span> <span class='ocrx_word' id='word_1_269' title='bbox 1241 361 1285 396; x_wconf 84' lang='lat' dir='ltr'>eis</span> <span class='ocrx_word' id='word_1_270' title='bbox 1315 363 1499 408; x_wconf 70' lang='lat' dir='ltr'>studuerat,</span> <span class='ocrx_word' id='word_1_271' title='bbox 1536 367 1580 400; x_wconf 83' lang='lat' dir='ltr'>ad</span> <span class='ocrx_word' id='word_1_272' title='bbox 1612 367 1790 413; x_wconf 74' lang='lat' dir='ltr'>petitionem</span> 
     </span>
    </p>
   </div>
   <div class='ocr_carea' id='block_1_11' title="bbox 1031 411 1799 1514">
    <p class='ocr_par' dir='ltr' id='par_1_13' title="bbox 1031 411 1799 1514">
     <span class='ocr_line' id='line_1_52' title="bbox 1034 411 1793 462; baseline 0.009 -18"><span class='ocrx_word' id='word_1_273' title='bbox 1034 411 1214 446; x_wconf 79' lang='lat' dir='ltr'>Matbildis</span> <span class='ocrx_word' id='word_1_274' title='bbox 1240 413 1418 459; x_wconf 80' lang='lat' dir='ltr'>Comitiffae</span> <span class='ocrx_word' id='word_1_275' title='bbox 1452 417 1646 450; x_wconf 69' lang='lat' dir='ltr'>renovavit:</span> <span class='ocrx_word' id='word_1_276' title='bbox 1673 416 1718 455; x_wconf 55' lang='grc' dir='ltr'>ά*</span> <span class='ocrx_word' id='word_1_277' title='bbox 1742 418 1793 462; x_wconf 84' lang='lat' dir='ltr'>se-</span> 
     </span>
     <span class='ocr_line' id='line_1_53' title="bbox 1033 462 1794 509; baseline 0.011 -15"><span class='ocrx_word' id='word_1_278' title='bbox 1033 462 1168 495; x_wconf 65' lang='lat' dir='ltr'>cundiam</span> <span class='ocrx_word' id='word_1_279' title='bbox 1193 466 1276 509; x_wconf 80' lang='lat' dir='ltr'>quod</span> <span class='ocrx_word' id='word_1_280' title='bbox 1302 464 1376 497; x_wconf 84' lang='lat' dir='ltr'>olim</span> <span class='ocrx_word' id='word_1_281' title='bbox 1402 479 1423 500; x_wconf 84' lang='lat' dir='ltr'><em>a</em></span> <span class='ocrx_word' id='word_1_282' title='bbox 1450 466 1549 500; x_wconf 83' lang='lat' dir='ltr'>divae</span> <span class='ocrx_word' id='word_1_283' title='bbox 1576 468 1794 503; x_wconf 71' lang='lat' dir='ltr'>recordationis</span> 
     </span>
     <span class='ocr_line' id='line_1_54' title="bbox 1034 513 1793 564; baseline 0.008 -18"><span class='ocrx_word' id='word_1_284' title='bbox 1034 513 1221 556; x_wconf 80' lang='lat' dir='ltr'>Imperatore</span> <span class='ocrx_word' id='word_1_285' title='bbox 1238 514 1428 557; x_wconf 76' lang='lat' dir='ltr'>Jusliniano</span> <span class='ocrx_word' id='word_1_286' title='bbox 1454 517 1615 559; x_wconf 73' lang='lat' dir='ltr'>compilari</span> <span class='ocrx_word' id='word_1_287' title='bbox 1638 517 1793 564; x_wconf 74' lang='lat' dir='ltr'>suerunt,</span> 
     </span>
     <span class='ocr_line' id='line_1_55' title="bbox 1031 563 1793 613; baseline 0.012 -18"><span class='ocrx_word' id='word_1_288' title='bbox 1031 563 1144 608; x_wconf 83' lang='lat' dir='ltr'>paucis</span> <span class='ocrx_word' id='word_1_289' title='bbox 1166 563 1248 605; x_wconf 63' lang='lat' dir='ltr'>sorte</span> <span class='ocrx_word' id='word_1_290' title='bbox 1283 565 1388 599; x_wconf 82' lang='lat' dir='ltr'>verbis</span> <span class='ocrx_word' id='word_1_291' title='bbox 1422 567 1543 602; x_wconf 76' lang='lat' dir='ltr'>alicubi</span> <span class='ocrx_word' id='word_1_292' title='bbox 1578 567 1793 613; x_wconf 75' lang='lat' dir='ltr'>interpositis,</span> 
     </span>
     <span class='ocr_line' id='line_1_56' title="bbox 1035 613 1795 665; baseline 0.013 -20"><span class='ocrx_word' id='word_1_293' title='bbox 1035 625 1082 646; x_wconf 85' lang='lat' dir='ltr'>eos</span> <span class='ocrx_word' id='word_1_294' title='bbox 1108 613 1274 655; x_wconf 74' lang='lat' dir='ltr'>distinxit.</span> <span class='ocrx_word' id='word_1_295' title='bbox 1303 615 1453 652; x_wconf 83' lang='lat' dir='ltr'>Proinde</span> <span class='ocrx_word' id='word_1_296' title='bbox 1478 617 1641 665; x_wconf 83' lang='lat' dir='ltr'>Sigonius</span> <span class='ocrx_word' id='word_1_297' title='bbox 1664 618 1701 653; x_wconf 88' lang='lat' dir='ltr'>in</span> <span class='ocrx_word' id='word_1_298' title='bbox 1727 620 1795 656; x_wconf 80' lang='lat' dir='ltr'>Li-</span> 
     </span>
     <span class='ocr_line' id='line_1_57' title="bbox 1036 662 1792 717; baseline 0.011 -20"><span class='ocrx_word' id='word_1_299' title='bbox 1036 662 1106 698; x_wconf 86' lang='lat' dir='ltr'>bris</span> <span class='ocrx_word' id='word_1_300' title='bbox 1133 664 1174 698; x_wconf 87' lang='lat' dir='ltr'>de</span> <span class='ocrx_word' id='word_1_301' title='bbox 1204 666 1324 713; x_wconf 80' lang='lat' dir='ltr'>Regno</span> <span class='ocrx_word' id='word_1_302' title='bbox 1354 667 1477 702; x_wconf 80' lang='lat' dir='ltr'>Italiae</span> <span class='ocrx_word' id='word_1_303' title='bbox 1515 669 1597 704; x_wconf 81' lang='lat' dir='ltr'>haec</span> <span class='ocrx_word' id='word_1_304' title='bbox 1634 668 1792 717; x_wconf 83' lang='lat' dir='ltr'>scripfit:</span> 
     </span>
     <span class='ocr_line' id='line_1_58' title="bbox 1035 713 1796 764; baseline 0.012 -18"><span class='ocrx_word' id='word_1_305' title='bbox 1035 713 1160 748; x_wconf 74' lang='lat' dir='ltr'>Primus</span> <span class='ocrx_word' id='word_1_306' title='bbox 1187 725 1289 749; x_wconf 85' lang='lat' dir='ltr'>autem</span> <span class='ocrx_word' id='word_1_307' title='bbox 1311 718 1473 752; x_wconf 64' lang='lat' dir='ltr'>Bononiae</span> <span class='ocrx_word' id='word_1_308' title='bbox 1496 720 1632 753; x_wconf 73' lang='lat' dir='ltr'>Irnerius</span> <span class='ocrx_word' id='word_1_309' title='bbox 1648 723 1677 764; x_wconf 90' lang='lat' dir='ltr'><em>J</em></span> <span class='ocrx_word' id='word_1_310' title='bbox 1680 733 1715 754; x_wconf 80' lang='lat' dir='ltr'>us</span> <span class='ocrx_word' id='word_1_311' title='bbox 1735 721 1796 755; x_wconf 87' lang='lat' dir='ltr'>Ci-</span> 
     </span>
     <span class='ocr_line' id='line_1_59' title="bbox 1035 764 1796 813; baseline 0.011 -16"><span class='ocrx_word' id='word_1_312' title='bbox 1035 764 1102 798; x_wconf 84' lang='lat' dir='ltr'>vile</span> <span class='ocrx_word' id='word_1_313' title='bbox 1131 774 1277 808; x_wconf 71' lang='lat' dir='ltr'>exponere</span> <span class='ocrx_word' id='word_1_314' title='bbox 1311 768 1434 812; x_wconf 77' lang='lat' dir='ltr'>coepit,</span> <span class='ocrx_word' id='word_1_315' title='bbox 1470 780 1506 803; x_wconf 74' lang='lat' dir='ltr'>ut</span> <span class='ocrx_word' id='word_1_316' title='bbox 1532 770 1701 813; x_wconf 78' lang='lat' dir='ltr'>Odofredus</span> <span class='ocrx_word' id='word_1_317' title='bbox 1732 785 1796 805; x_wconf 86' lang='lat' dir='ltr'>me-</span> 
     </span>
     <span class='ocr_line' id='line_1_60' title="bbox 1034 814 1796 866; baseline 0.01 -18"><span class='ocrx_word' id='word_1_318' title='bbox 1034 814 1147 850; x_wconf 80' lang='lat' dir='ltr'>moriae</span> <span class='ocrx_word' id='word_1_319' title='bbox 1182 817 1350 862; x_wconf 75' lang='lat' dir='ltr'>prodidit,</span> <span class='ocrx_word' id='word_1_320' title='bbox 1385 820 1562 866; x_wconf 72' lang='lat' dir='ltr'>primusque</span> <span class='ocrx_word' id='word_1_321' title='bbox 1589 819 1729 866; x_wconf 80' lang='lat' dir='ltr'>Glcffas,</span> <span class='ocrx_word' id='word_1_322' title='bbox 1760 832 1796 856; x_wconf 75' lang='lat' dir='ltr'>ut</span> 
     </span>
     <span class='ocr_line' id='line_1_61' title="bbox 1034 867 1795 920; baseline 0.011 -21"><span class='ocrx_word' id='word_1_323' title='bbox 1034 876 1169 910; x_wconf 78' lang='lat' dir='ltr'>vocant,</span> <span class='ocrx_word' id='word_1_324' title='bbox 1195 867 1230 900; x_wconf 85' lang='lat' dir='ltr'>in</span> <span class='ocrx_word' id='word_1_325' title='bbox 1257 868 1341 902; x_wconf 79' lang='lat' dir='ltr'>illud</span> <span class='ocrx_word' id='word_1_326' title='bbox 1358 869 1502 913; x_wconf 75' lang='lat' dir='ltr'>scripsit.</span> <span class='ocrx_word' id='word_1_327' title='bbox 1527 872 1621 906; x_wconf 88' lang='lat' dir='ltr'>Tum</span> <span class='ocrx_word' id='word_1_328' title='bbox 1652 871 1795 920; x_wconf 84' lang='lat' dir='ltr'>Ursper-</span> 
     </span>
     <span class='ocr_line' id='line_1_62' title="bbox 1035 915 1796 964; baseline 0.009 -14"><span class='ocrx_word' id='word_1_329' title='bbox 1035 915 1142 964; x_wconf 82' lang='lat' dir='ltr'>gensis</span> <span class='ocrx_word' id='word_1_330' title='bbox 1176 916 1387 954; x_wconf 62' lang='lat' dir='ltr'>aufi&#39;toritate</span> <span class='ocrx_word' id='word_1_331' title='bbox 1425 919 1564 964; x_wconf 86' lang='lat' dir='ltr'>utitur,</span> <span class='ocrx_word' id='word_1_332' title='bbox 1601 921 1703 957; x_wconf 80' lang='lat' dir='ltr'>illum</span> <span class='ocrx_word' id='word_1_333' title='bbox 1742 931 1796 957; x_wconf 86' lang='lat' dir='ltr'>ta-</span> 
     </span>
     <span class='ocr_line' id='line_1_63' title="bbox 1035 968 1796 1017; baseline 0.007 -16"><span class='ocrx_word' id='word_1_334' title='bbox 1035 979 1113 1002; x_wconf 88' lang='lat' dir='ltr'>men</span> <span class='ocrx_word' id='word_1_335' title='bbox 1153 968 1355 1016; x_wconf 70' lang='lat' dir='ltr'>corrigens,</span> <span class='ocrx_word' id='word_1_336' title='bbox 1392 970 1485 1017; x_wconf 83' lang='lat' dir='ltr'>quod</span> <span class='ocrx_word' id='word_1_337' title='bbox 1523 972 1702 1006; x_wconf 67' lang='lat' dir='ltr'><em>Maaehildis</em></span> <span class='ocrx_word' id='word_1_338' title='bbox 1738 986 1796 1007; x_wconf 86' lang='lat' dir='ltr'>ro-</span> 
     </span>
     <span class='ocr_line' id='line_1_64' title="bbox 1035 1017 1794 1070; baseline 0.009 -19"><span class='ocrx_word' id='word_1_339' title='bbox 1035 1026 1117 1064; x_wconf 86' lang='lat' dir='ltr'>gatu</span> <span class='ocrx_word' id='word_1_340' title='bbox 1145 1017 1315 1054; x_wconf 87' lang='lat' dir='ltr'>Irnerium</span> <span class='ocrx_word' id='word_1_341' title='bbox 1353 1020 1389 1056; x_wconf 89' lang='lat' dir='ltr'>id</span> <span class='ocrx_word' id='word_1_342' title='bbox 1428 1022 1580 1057; x_wconf 79' lang='lat' dir='ltr'>muneris</span> <span class='ocrx_word' id='word_1_343' title='bbox 1617 1022 1794 1070; x_wconf 75' lang='lat' dir='ltr'>suscepisse</span> 
     </span>
     <span class='ocr_line' id='line_1_65' title="bbox 1034 1067 1795 1118; baseline 0.012 -17"><span class='ocrx_word' id='word_1_344' title='bbox 1034 1067 1230 1115; x_wconf 76' lang='lat' dir='ltr'>scripserit,</span> <span class='ocrx_word' id='word_1_345' title='bbox 1258 1083 1346 1118; x_wconf 88' lang='lat' dir='ltr'>quae</span> <span class='ocrx_word' id='word_1_346' title='bbox 1374 1072 1488 1107; x_wconf 89' lang='lat' dir='ltr'>multo</span> <span class='ocrx_word' id='word_1_347' title='bbox 1516 1082 1594 1108; x_wconf 79' lang='lat' dir='ltr'>ante</span> <span class='ocrx_word' id='word_1_348' title='bbox 1624 1073 1795 1111; x_wconf 81' lang='lat' dir='ltr'>Lotharii</span> 
     </span>
     <span class='ocr_line' id='line_1_66' title="bbox 1035 1119 1796 1170; baseline 0.009 -18"><span class='ocrx_word' id='word_1_349' title='bbox 1035 1119 1225 1165; x_wconf 88' lang='lat' dir='ltr'>Imperium</span> <span class='ocrx_word' id='word_1_350' title='bbox 1263 1134 1281 1156; x_wconf 91' lang='lat' dir='ltr'>e</span> <span class='ocrx_word' id='word_1_351' title='bbox 1319 1123 1393 1157; x_wconf 86' lang='lat' dir='ltr'>vita</span> <span class='ocrx_word' id='word_1_352' title='bbox 1433 1123 1624 1170; x_wconf 84' lang='lat' dir='ltr'>migrarat.</span> <span class='ocrx_word' id='word_1_353' title='bbox 1662 1125 1796 1160; x_wconf 60' lang='lat' dir='ltr'>Vestam</span> 
     </span>
     <span class='ocr_line' id='line_1_67' title="bbox 1033 1169 1797 1221; baseline 0.012 -20"><span class='ocrx_word' id='word_1_354' title='bbox 1033 1169 1130 1202; x_wconf 68' lang='lat' dir='ltr'>nulla</span> <span class='ocrx_word' id='word_1_355' title='bbox 1154 1169 1379 1218; x_wconf 86' lang='lat' dir='ltr'>castigatione</span> <span class='ocrx_word' id='word_1_356' title='bbox 1407 1172 1531 1221; x_wconf 82' lang='lat' dir='ltr'>dignus</span> <span class='ocrx_word' id='word_1_357' title='bbox 1557 1174 1601 1209; x_wconf 86' lang='lat' dir='ltr'>est</span> <span class='ocrx_word' id='word_1_358' title='bbox 1627 1174 1704 1210; x_wconf 91' lang='lat' dir='ltr'>heic</span> <span class='ocrx_word' id='word_1_359' title='bbox 1727 1177 1797 1209; x_wconf 88' lang='lat' dir='ltr'>Ur-</span> 
     </span>
     <span class='ocr_line' id='line_1_68' title="bbox 1033 1217 1799 1272; baseline 0.012 -20"><span class='ocrx_word' id='word_1_360' title='bbox 1033 1217 1214 1267; x_wconf 86' lang='lat' dir='ltr'>spergensis</span> <span class='ocrx_word' id='word_1_361' title='bbox 1232 1246 1240 1254; x_wconf 94' lang='lat'>.</span> <span class='ocrx_word' id='word_1_362' title='bbox 1273 1223 1417 1257; x_wconf 85' lang='lat' dir='ltr'>Certum</span> <span class='ocrx_word' id='word_1_363' title='bbox 1447 1224 1576 1272; x_wconf 80' lang='lat' dir='ltr'>quippe</span> <span class='ocrx_word' id='word_1_364' title='bbox 1603 1238 1679 1260; x_wconf 88' lang='lat' dir='ltr'>reor</span> <span class='ocrx_word' id='word_1_365' title='bbox 1709 1252 1720 1270; x_wconf 86' lang='lat'>‚</span> <span class='ocrx_word' id='word_1_366' title='bbox 1748 1228 1799 1260; x_wconf 88' lang='lat' dir='ltr'>Ir-</span> 
     </span>
     <span class='ocr_line' id='line_1_69' title="bbox 1033 1269 1797 1318; baseline 0.013 -16"><span class='ocrx_word' id='word_1_367' title='bbox 1033 1270 1179 1313; x_wconf 82' lang='lat' dir='ltr'>nerium,</span> <span class='ocrx_word' id='word_1_368' title='bbox 1217 1269 1285 1306; x_wconf 82' lang='lat' dir='ltr'>sive</span> <span class='ocrx_word' id='word_1_369' title='bbox 1313 1275 1513 1307; x_wconf 75' lang='lat' dir='ltr'>Warnerium</span> <span class='ocrx_word' id='word_1_370' title='bbox 1542 1274 1718 1318; x_wconf 73' lang='lat' dir='ltr'>floruisse,</span> <span class='ocrx_word' id='word_1_371' title='bbox 1757 1289 1797 1312; x_wconf 85' lang='lat' dir='ltr'>ac</span> 
     </span>
     <span class='ocr_line' id='line_1_70' title="bbox 1033 1319 1794 1369; baseline 0.011 -15"><span class='ocrx_word' id='word_1_372' title='bbox 1033 1321 1145 1368; x_wconf 84' lang='lat' dir='ltr'>Leges</span> <span class='ocrx_word' id='word_1_373' title='bbox 1178 1319 1445 1369; x_wconf 85' lang='lat' dir='ltr'>interpretatum</span> <span class='ocrx_word' id='word_1_374' title='bbox 1485 1324 1583 1360; x_wconf 77' lang='lat' dir='ltr'>fuisse</span> <span class='ocrx_word' id='word_1_375' title='bbox 1611 1326 1794 1362; x_wconf 89' lang='lat' dir='ltr'>Bononiae</span> 
     </span>
     <span class='ocr_line' id='line_1_71' title="bbox 1034 1370 1796 1415; baseline 0.01 -10"><span class='ocrx_word' id='word_1_376' title='bbox 1034 1380 1107 1405; x_wconf 89' lang='lat' dir='ltr'>tum</span> <span class='ocrx_word' id='word_1_377' title='bbox 1128 1370 1271 1407; x_wconf 75' lang='lat' dir='ltr'>vivente</span> <span class='ocrx_word' id='word_1_378' title='bbox 1291 1373 1463 1408; x_wconf 80' lang='lat' dir='ltr'>Mathildi</span> <span class='ocrx_word' id='word_1_379' title='bbox 1481 1373 1696 1415; x_wconf 63' lang='lat' dir='ltr'>Comifissfi,</span> <span class='ocrx_word' id='word_1_380' title='bbox 1718 1387 1796 1412; x_wconf 83' lang='lat' dir='ltr'>tum</span> 
     </span>
     <span class='ocr_line' id='line_1_72' title="bbox 1036 1421 1799 1471; baseline 0.01 -16"><span class='ocrx_word' id='word_1_381' title='bbox 1036 1421 1158 1456; x_wconf 89' lang='lat' dir='ltr'>multis</span> <span class='ocrx_word' id='word_1_382' title='bbox 1187 1422 1258 1470; x_wconf 85' lang='lat' dir='ltr'>post</span> <span class='ocrx_word' id='word_1_383' title='bbox 1282 1424 1353 1471; x_wconf 77' lang='lat' dir='ltr'>ejus</span> <span class='ocrx_word' id='word_1_384' title='bbox 1376 1434 1526 1460; x_wconf 84' lang='lat' dir='ltr'>mortem</span> <span class='ocrx_word' id='word_1_385' title='bbox 1552 1427 1670 1462; x_wconf 82' lang='lat' dir='ltr'>annis.</span> <span class='ocrx_word' id='word_1_386' title='bbox 1696 1425 1799 1462; x_wconf 87' lang='lat' dir='ltr'>Con-</span> 
     </span>
     <span class='ocr_line' id='line_1_73' title="bbox 1037 1472 1796 1514; baseline 0.009 -8"><span class='ocrx_word' id='word_1_387' title='bbox 1037 1472 1108 1507; x_wconf 88' lang='lat' dir='ltr'>sule</span> <span class='ocrx_word' id='word_1_388' title='bbox 1149 1475 1320 1509; x_wconf 86' lang='lat' dir='ltr'>Ottonern</span> <span class='ocrx_word' id='word_1_389' title='bbox 1360 1477 1545 1510; x_wconf 79' lang='lat' dir='ltr'>Morenam</span> <span class='ocrx_word' id='word_1_390' title='bbox 1588 1477 1625 1512; x_wconf 88' lang='lat' dir='ltr'>in</span> <span class='ocrx_word' id='word_1_391' title='bbox 1666 1478 1796 1514; x_wconf 79' lang='lat' dir='ltr'>Hister.</span> 
     </span>
    </p>
   </div>
   <div class='ocr_carea' id='block_1_12' title="bbox 1033 1522 1798 2615">
    <p class='ocr_par' dir='ltr' id='par_1_14' title="bbox 1033 1522 1798 2615">
     <span class='ocr_line' id='line_1_74' title="bbox 1037 1522 1798 1562; baseline 0.004 -3"><span class='ocrx_word' id='word_1_392' title='bbox 1037 1522 1207 1559; x_wconf 87' lang='lat' dir='ltr'>Laudens.</span> <span class='ocrx_word' id='word_1_393' title='bbox 1235 1524 1276 1558; x_wconf 86' lang='lat' dir='ltr'>ad</span> <span class='ocrx_word' id='word_1_394' title='bbox 1304 1526 1449 1560; x_wconf 80' lang='lat' dir='ltr'>Annum</span> <span class='ocrx_word' id='word_1_395' title='bbox 1480 1528 1694 1562; x_wconf 87' lang='lat' dir='ltr'>MCLVIII.</span> <span class='ocrx_word' id='word_1_396' title='bbox 1720 1529 1798 1562; x_wconf 86' lang='lat' dir='ltr'>To-</span> 
     </span>
     <span class='ocr_line' id='line_1_75' title="bbox 1038 1575 1794 1611; baseline 0.005 -4"><span class='ocrx_word' id='word_1_397' title='bbox 1038 1587 1096 1608; x_wconf 89' lang='lat' dir='ltr'>mo</span> <span class='ocrx_word' id='word_1_398' title='bbox 1122 1575 1185 1608; x_wconf 90' lang='lat' dir='ltr'>VI.</span> <span class='ocrx_word' id='word_1_399' title='bbox 1212 1575 1289 1608; x_wconf 88' lang='lat' dir='ltr'>Rer.</span> <span class='ocrx_word' id='word_1_400' title='bbox 1315 1576 1540 1610; x_wconf 72' lang='lat' dir='ltr'>Italicarum.</span> <span class='ocrx_word' id='word_1_401' title='bbox 1570 1575 1661 1610; x_wconf 89' lang='lat' dir='ltr'>Vide</span> <span class='ocrx_word' id='word_1_402' title='bbox 1685 1577 1794 1611; x_wconf 89' lang='lat' dir='ltr'>etiam</span> 
     </span>
     <span class='ocr_line' id='line_1_76' title="bbox 1038 1623 1794 1667; baseline 0.003 -9"><span class='ocrx_word' id='word_1_403' title='bbox 1038 1623 1127 1658; x_wconf 87' lang='lat' dir='ltr'>infra</span> <span class='ocrx_word' id='word_1_404' title='bbox 1163 1623 1199 1658; x_wconf 89' lang='lat' dir='ltr'>in</span> <span class='ocrx_word' id='word_1_405' title='bbox 1233 1623 1481 1659; x_wconf 78' lang='lat' dir='ltr'>Dissertatione</span> <span class='ocrx_word' id='word_1_406' title='bbox 1509 1626 1609 1660; x_wconf 85' lang='lat' dir='ltr'>LIII.</span> <span class='ocrx_word' id='word_1_407' title='bbox 1637 1629 1675 1659; x_wconf 86' lang='lat' dir='ltr'>de</span> <span class='ocrx_word' id='word_1_408' title='bbox 1704 1627 1794 1667; x_wconf 71' lang='lat' dir='ltr'>insli-</span> 
     </span>
     <span class='ocr_line' id='line_1_77' title="bbox 1037 1674 1795 1716; baseline 0.005 -10"><span class='ocrx_word' id='word_1_409' title='bbox 1037 1675 1155 1706; x_wconf 66' lang='lat' dir='ltr'>tutio-ae</span> <span class='ocrx_word' id='word_1_410' title='bbox 1181 1674 1348 1716; x_wconf 83' lang='lat' dir='ltr'>Militiae,</span> <span class='ocrx_word' id='word_1_411' title='bbox 1388 1675 1561 1709; x_wconf 89' lang='lat' dir='ltr'>Placitum</span> <span class='ocrx_word' id='word_1_412' title='bbox 1592 1675 1633 1708; x_wconf 92' lang='lat' dir='ltr'>ab</span> <span class='ocrx_word' id='word_1_413' title='bbox 1662 1675 1795 1710; x_wconf 84' lang='lat' dir='ltr'>Henri-</span> 
     </span>
     <span class='ocr_line' id='line_1_78' title="bbox 1038 1722 1795 1773; baseline 0.007 -17"><span class='ocrx_word' id='word_1_414' title='bbox 1038 1735 1079 1756; x_wconf 90' lang='lat' dir='ltr'>co</span> <span class='ocrx_word' id='word_1_415' title='bbox 1112 1724 1173 1756; x_wconf 86' lang='lat' dir='ltr'>IV.</span> <span class='ocrx_word' id='word_1_416' title='bbox 1210 1722 1368 1756; x_wconf 80' lang='lat' dir='ltr'>habitum</span> <span class='ocrx_word' id='word_1_417' title='bbox 1406 1723 1601 1757; x_wconf 87' lang='lat' dir='ltr'>Gubernuli</span> <span class='ocrx_word' id='word_1_418' title='bbox 1638 1723 1674 1758; x_wconf 90' lang='lat' dir='ltr'>in</span> <span class='ocrx_word' id='word_1_419' title='bbox 1713 1738 1795 1773; x_wconf 84' lang='lat' dir='ltr'>agro</span> 
     </span>
     <span class='ocr_line' id='line_1_79' title="bbox 1038 1770 1795 1810; baseline 0.005 -4"><span class='ocrx_word' id='word_1_420' title='bbox 1038 1771 1260 1809; x_wconf 79' lang='lat' dir='ltr'>Mantuano,</span> <span class='ocrx_word' id='word_1_421' title='bbox 1302 1770 1359 1805; x_wconf 89' lang='lat' dir='ltr'>cui</span> <span class='ocrx_word' id='word_1_422' title='bbox 1401 1770 1564 1807; x_wconf 86' lang='lat' dir='ltr'>interfuit</span> <span class='ocrx_word' id='word_1_423' title='bbox 1610 1777 1795 1810; x_wconf 50' lang='lat' dir='ltr'>laeVarnerius</span> 
     </span>
     <span class='ocr_line' id='line_1_80' title="bbox 1036 1819 1794 1865; baseline 0.015 -14"><span class='ocrx_word' id='word_1_424' title='bbox 1036 1819 1239 1860; x_wconf 77' lang='lat' dir='ltr'>Bononiensis</span> <span class='ocrx_word' id='word_1_425' title='bbox 1257 1823 1389 1865; x_wconf 72' lang='lat' dir='ltr'>judex,</span> <span class='ocrx_word' id='word_1_426' title='bbox 1426 1832 1505 1858; x_wconf 85' lang='lat' dir='ltr'>ante</span> <span class='ocrx_word' id='word_1_427' title='bbox 1534 1825 1620 1859; x_wconf 86' lang='lat' dir='ltr'>alios</span> <span class='ocrx_word' id='word_1_428' title='bbox 1649 1824 1794 1862; x_wconf 87' lang='lat' dir='ltr'>honoris</span> 
     </span>
     <span class='ocr_line' id='line_1_81' title="bbox 1038 1869 1793 1913; baseline 0.013 -10"><span class='ocrx_word' id='word_1_429' title='bbox 1038 1869 1152 1904; x_wconf 65' lang='lat' dir='ltr'>caussa</span> <span class='ocrx_word' id='word_1_430' title='bbox 1187 1871 1408 1908; x_wconf 87' lang='lat' dir='ltr'>nominatus.</span> <span class='ocrx_word' id='word_1_431' title='bbox 1446 1873 1537 1909; x_wconf 89' lang='lat' dir='ltr'>Vide</span> <span class='ocrx_word' id='word_1_432' title='bbox 1572 1875 1605 1909; x_wconf 89' lang='lat'>&amp;</span> <span class='ocrx_word' id='word_1_433' title='bbox 1643 1877 1793 1913; x_wconf 86' lang='lat' dir='ltr'>alterum</span> 
     </span>
     <span class='ocr_line' id='line_1_82' title="bbox 1036 1919 1794 1968; baseline 0.012 -15"><span class='ocrx_word' id='word_1_434' title='bbox 1036 1919 1072 1954; x_wconf 83' lang='lat' dir='ltr'>in</span> <span class='ocrx_word' id='word_1_435' title='bbox 1112 1920 1360 1958; x_wconf 78' lang='lat' dir='ltr'>Differtatione</span> <span class='ocrx_word' id='word_1_436' title='bbox 1390 1926 1520 1960; x_wconf 86' lang='lat' dir='ltr'>XXXI.</span> <span class='ocrx_word' id='word_1_437' title='bbox 1555 1926 1594 1959; x_wconf 83' lang='lat' dir='ltr'>de</span> <span class='ocrx_word' id='word_1_438' title='bbox 1630 1927 1794 1968; x_wconf 76' lang='lat' dir='ltr'>Placitis,</span> 
     </span>
     <span class='ocr_line' id='line_1_83' title="bbox 1037 1970 1795 2017; baseline 0.012 -13"><span class='ocrx_word' id='word_1_439' title='bbox 1037 1970 1095 2005; x_wconf 89' lang='lat' dir='ltr'>ubi</span> <span class='ocrx_word' id='word_1_440' title='bbox 1125 1970 1235 2007; x_wconf 83' lang='lat' dir='ltr'>rursus</span> <span class='ocrx_word' id='word_1_441' title='bbox 1263 1974 1443 2017; x_wconf 84' lang='lat' dir='ltr'>occurrit,</span> <span class='ocrx_word' id='word_1_442' title='bbox 1477 1975 1631 2011; x_wconf 86' lang='lat' dir='ltr'>nondum</span> <span class='ocrx_word' id='word_1_443' title='bbox 1660 1990 1679 2012; x_wconf 89' lang='lat' dir='ltr'>a</span> <span class='ocrx_word' id='word_1_444' title='bbox 1706 1979 1795 2013; x_wconf 87' lang='lat' dir='ltr'>late-</span> 
     </span>
     <span class='ocr_line' id='line_1_84' title="bbox 1037 2021 1794 2076; baseline 0.011 -20"><span class='ocrx_word' id='word_1_445' title='bbox 1037 2034 1071 2056; x_wconf 89' lang='lat' dir='ltr'>re</span> <span class='ocrx_word' id='word_1_446' title='bbox 1095 2021 1317 2070; x_wconf 84' lang='lat' dir='ltr'>Imperatoris</span> <span class='ocrx_word' id='word_1_447' title='bbox 1339 2024 1491 2061; x_wconf 87' lang='lat' dir='ltr'>divisus.</span> <span class='ocrx_word' id='word_1_448' title='bbox 1514 2026 1587 2062; x_wconf 92' lang='lat' dir='ltr'>Hic</span> <span class='ocrx_word' id='word_1_449' title='bbox 1607 2026 1698 2063; x_wconf 85' lang='lat' dir='ltr'>idem</span> <span class='ocrx_word' id='word_1_450' title='bbox 1721 2027 1794 2076; x_wconf 87' lang='lat' dir='ltr'>ipse</span> 
     </span>
     <span class='ocr_line' id='line_1_85' title="bbox 1038 2073 1793 2123; baseline 0.012 -18"><span class='ocrx_word' id='word_1_451' title='bbox 1038 2073 1221 2107; x_wconf 78' lang='lat' dir='ltr'>Warnerius</span> <span class='ocrx_word' id='word_1_452' title='bbox 1264 2073 1361 2110; x_wconf 69' lang='lat' dir='ltr'>fuisse</span> <span class='ocrx_word' id='word_1_453' title='bbox 1406 2076 1553 2112; x_wconf 88' lang='lat' dir='ltr'>omnino</span> <span class='ocrx_word' id='word_1_454' title='bbox 1598 2077 1763 2114; x_wconf 80' lang='lat' dir='ltr'>dicendus</span> <span class='ocrx_word' id='word_1_455' title='bbox 1781 2105 1793 2123; x_wconf 92' lang='lat'>‚</span> 
     </span>
     <span class='ocr_line' id='line_1_86' title="bbox 1037 2123 1793 2174; baseline 0.011 -17"><span class='ocrx_word' id='word_1_456' title='bbox 1037 2123 1133 2171; x_wconf 86' lang='lat' dir='ltr'>cujus</span> <span class='ocrx_word' id='word_1_457' title='bbox 1161 2124 1248 2171; x_wconf 88' lang='lat' dir='ltr'>apud</span> <span class='ocrx_word' id='word_1_458' title='bbox 1280 2124 1542 2174; x_wconf 80' lang='lat' dir='ltr'>Urspergensem</span> <span class='ocrx_word' id='word_1_459' title='bbox 1574 2130 1730 2172; x_wconf 84' lang='lat' dir='ltr'>mentio,</span> <span class='ocrx_word' id='word_1_460' title='bbox 1757 2130 1793 2164; x_wconf 86' lang='lat'>&amp;</span> 
     </span>
     <span class='ocr_line' id='line_1_87' title="bbox 1036 2177 1793 2223; baseline 0.009 -15"><span class='ocrx_word' id='word_1_461' title='bbox 1036 2186 1139 2220; x_wconf 82' lang='lat' dir='ltr'>quem</span> <span class='ocrx_word' id='word_1_462' title='bbox 1177 2188 1195 2210; x_wconf 89' lang='lat' dir='ltr'>a</span> <span class='ocrx_word' id='word_1_463' title='bbox 1235 2177 1369 2223; x_wconf 85' lang='lat' dir='ltr'>Populo</span> <span class='ocrx_word' id='word_1_464' title='bbox 1399 2178 1604 2214; x_wconf 78' lang='lat' dir='ltr'>Bononiensi</span> <span class='ocrx_word' id='word_1_465' title='bbox 1643 2180 1793 2216; x_wconf 80' lang='lat' dir='ltr'>arbitror</span> 
     </span>
     <span class='ocr_line' id='line_1_88' title="bbox 1037 2224 1792 2277; baseline 0.011 -19"><span class='ocrx_word' id='word_1_466' title='bbox 1037 2224 1173 2260; x_wconf 75' lang='lat' dir='ltr'>missum</span> <span class='ocrx_word' id='word_1_467' title='bbox 1212 2226 1253 2261; x_wconf 86' lang='lat' dir='ltr'>ad</span> <span class='ocrx_word' id='word_1_468' title='bbox 1283 2227 1475 2263; x_wconf 86' lang='lat' dir='ltr'>Henricurn</span> <span class='ocrx_word' id='word_1_469' title='bbox 1508 2229 1701 2277; x_wconf 78' lang='lat' dir='ltr'>Augustum</span> <span class='ocrx_word' id='word_1_470' title='bbox 1733 2239 1792 2266; x_wconf 87' lang='lat' dir='ltr'>aut</span> 
     </span>
     <span class='ocr_line' id='line_1_89' title="bbox 1037 2275 1794 2326; baseline 0.011 -17"><span class='ocrx_word' id='word_1_471' title='bbox 1037 2275 1200 2316; x_wconf 88' lang='lat' dir='ltr'>honoris,</span> <span class='ocrx_word' id='word_1_472' title='bbox 1227 2288 1288 2313; x_wconf 88' lang='lat' dir='ltr'>aut</span> <span class='ocrx_word' id='word_1_473' title='bbox 1312 2279 1532 2326; x_wconf 80' lang='lat' dir='ltr'>negotiorum</span> <span class='ocrx_word' id='word_1_474' title='bbox 1560 2280 1692 2316; x_wconf 66' lang='lat' dir='ltr'>caussa.</span> <span class='ocrx_word' id='word_1_475' title='bbox 1720 2280 1794 2317; x_wconf 86' lang='lat' dir='ltr'>Ce-</span> 
     </span>
     <span class='ocr_line' id='line_1_90' title="bbox 1035 2327 1792 2367; baseline 0.005 -6"><span class='ocrx_word' id='word_1_476' title='bbox 1035 2327 1206 2362; x_wconf 87' lang='lat' dir='ltr'>lebratum</span> <span class='ocrx_word' id='word_1_477' title='bbox 1244 2327 1313 2364; x_wconf 87' lang='lat' dir='ltr'>fuit</span> <span class='ocrx_word' id='word_1_478' title='bbox 1356 2331 1528 2365; x_wconf 71' lang='lat' dir='ltr'>Placitum</span> <span class='ocrx_word' id='word_1_479' title='bbox 1567 2331 1655 2366; x_wconf 85' lang='lat' dir='ltr'>illud</span> <span class='ocrx_word' id='word_1_480' title='bbox 1693 2335 1792 2367; x_wconf 72' lang='lat' dir='ltr'>Anno</span> 
     </span>
     <span class='ocr_line' id='line_1_91' title="bbox 1035 2379 1790 2427; baseline 0.005 -16"><span class='ocrx_word' id='word_1_481' title='bbox 1035 2380 1195 2413; x_wconf 76' lang='lat' dir='ltr'><em>MCXW.</em></span> <span class='ocrx_word' id='word_1_482' title='bbox 1223 2379 1274 2413; x_wconf 83' lang='lat' dir='ltr'>die</span> <span class='ocrx_word' id='word_1_483' title='bbox 1302 2382 1356 2414; x_wconf 84' lang='lat' dir='ltr'>Vl.</span> <span class='ocrx_word' id='word_1_484' title='bbox 1385 2382 1496 2425; x_wconf 77' lang='lat' dir='ltr'>Maji,</span> <span class='ocrx_word' id='word_1_485' title='bbox 1523 2381 1588 2416; x_wconf 87' lang='lat' dir='ltr'>hoc</span> <span class='ocrx_word' id='word_1_486' title='bbox 1616 2382 1681 2425; x_wconf 84' lang='lat' dir='ltr'>est,</span> <span class='ocrx_word' id='word_1_487' title='bbox 1708 2395 1790 2427; x_wconf 85' lang='lat' dir='ltr'>pau-</span> 
     </span>
     <span class='ocr_line' id='line_1_92' title="bbox 1035 2428 1788 2474; baseline 0.001 -11"><span class='ocrx_word' id='word_1_488' title='bbox 1035 2441 1091 2463; x_wconf 87' lang='lat' dir='ltr'>cos</span> <span class='ocrx_word' id='word_1_489' title='bbox 1122 2428 1192 2474; x_wconf 79' lang='lat' dir='ltr'>post</span> <span class='ocrx_word' id='word_1_490' title='bbox 1221 2439 1369 2465; x_wconf 83' lang='lat' dir='ltr'>mortem</span> <span class='ocrx_word' id='word_1_491' title='bbox 1400 2430 1611 2467; x_wconf 78' lang='lat' dir='ltr'>Comitiffae</span> <span class='ocrx_word' id='word_1_492' title='bbox 1639 2431 1788 2466; x_wconf 66' lang='lat' dir='ltr'>Mathu-</span> 
     </span>
     <span class='ocr_line' id='line_1_93' title="bbox 1033 2478 1788 2530; baseline 0.003 -16"><span class='ocrx_word' id='word_1_493' title='bbox 1033 2478 1085 2514; x_wconf 86' lang='lat' dir='ltr'>dis</span> <span class='ocrx_word' id='word_1_494' title='bbox 1113 2479 1264 2520; x_wconf 87' lang='lat' dir='ltr'>menses,</span> <span class='ocrx_word' id='word_1_495' title='bbox 1289 2481 1328 2515; x_wconf 89' lang='lat' dir='ltr'>ad</span> <span class='ocrx_word' id='word_1_496' title='bbox 1356 2482 1449 2527; x_wconf 81' lang='lat' dir='ltr'>cujus</span> <span class='ocrx_word' id='word_1_497' title='bbox 1479 2482 1684 2530; x_wconf 77' lang='lat' dir='ltr'>petitionem</span> <span class='ocrx_word' id='word_1_498' title='bbox 1710 2492 1788 2526; x_wconf 88' lang='lat' dir='ltr'>pro-</span> 
     </span>
     <span class='ocr_line' id='line_1_94' title="bbox 1033 2530 1788 2579; baseline 0.003 -16"><span class='ocrx_word' id='word_1_499' title='bbox 1033 2539 1149 2579; x_wconf 78' lang='lat' dir='ltr'>pterea</span> <span class='ocrx_word' id='word_1_500' title='bbox 1173 2531 1292 2579; x_wconf 86' lang='lat' dir='ltr'>potuit</span> <span class='ocrx_word' id='word_1_501' title='bbox 1317 2533 1500 2567; x_wconf 71' lang='lat' dir='ltr'>Warnerim</span> <span class='ocrx_word' id='word_1_502' title='bbox 1526 2530 1788 2578; x_wconf 76' lang='lat' dir='ltr'>interpretatio·-</span> 
     </span>
     <span class='ocr_line' id='line_1_95' title="bbox 1070 2582 1736 2615; baseline 0.009 -6"><span class='ocrx_word' id='word_1_503' title='bbox 1070 2582 1100 2615; x_wconf 81' lang='grc' dir='ltr'><em>Β</em></span> <span class='ocrx_word' id='word_1_504' title='bbox 1656 2591 1736 2615; x_wconf 86' lang='lat' dir='ltr'>nem</span> 
     </span>
    </p>
   </div>
  </div>
 </body>
</html>
