2237 3084
414 164 424 173 ’
470 206 520 245 19
797 187 1187 248 ΑΝῖιρυιΤ.
1232 187 1444 231 MEDH
1486 187 1648 231 ΑΕνι
1913 199 1970 237 20·

406 260 483 282 nem
517 248 651 295 Legum
690 247 829 296 aggredi
866 248 903 284 in
941 250 1052 296 patria
1083 248 1162 285 sua.
1186 248 1234 284 ¹A
1271 247 1411 283 circiter
1451 246 1569 283 eadem
1611 255 1767 297 tempora
1803 248 2026 298 Digestorum
2070 290 2073 294 ,

404 300 526 344 Atque
554 296 636 333 haec
662 300 806 334 exordia
834 299 998 336 videntur
1024 300 1158 335 Acade-

403 347 495 384 miae
524 347 772 394 Bomnienfis,
798 350 892 386 levia
919 351 1060 398 quidem
1089 352 1158 399 pri-

402 397 471 434 mis
499 398 624 442 annis,
661 412 767 446 quum
806 399 842 435 in
880 414 950 437 uno
976 402 1068 445 juris
1096 401 1160 437 Ci—

401 449 487 492 vilis
518 450 708 495 Inter-prete
737 449 774 486 ὅ(
806 451 959 487 ῡοξὶοτε
986 461 1062 487 tota
1089 451 1158 500 pri-

401 512 498 534 mum
526 499 739 535 Academiae
767 500 835 536 sors
864 502 1078 543 constiterit,
1103 502 1158 537 sed

401 562 505 597 quam
534 559 650 585 tamen
679 550 796 586 sensim
826 553 972 599 majores
1000 552 1097 588 ausus
1124 555 1156 588 &

399 599 615 636 incrementa
638 600 716 637 sunt
737 601 940 649 subsequuta
955 629 965 646 ‚
986 616 1082 638 more
1102 603 1156 638 in-

399 650 557 698 gentium
589 649 776 687 fluviorum
797 679 807 696 ‚
835 666 982 700 quorum
1012 653 1156 689 humilis

400 702 605 748 plerumque
641 702 685 737 est
720 702 850 750 origo.
891 703 1059 739 Do&0res
1095 703 1156 751 ipsi

399 751 635 787 Bono-aienses
659 753 697 788 in
727 753 900 798 Responso
925 755 965 788 ad
995 753 1155 789 Barthol-

397 803 480 837 dum
514 802 694 838 Nihufium
716 831 725 847 ‚
757 804 853 839 edito
882 804 919 839 in
947 804 1019 852 ejus
1049 804 1151 839 Anti-

398 852 547 895 critico,
573 866 641 887 non
669 854 776 889 alium
805 867 976 902 agnovere
1004 856 1153 903 primum

397 902 578 938 Bononiae
602 904 736 949 Legum
762 904 1002 953 Expositorern
1019 932 1026 945 .
1051 906 1154 954 quarn

396 953 595 988 Irnerium.
637 954 766 989 Eorum
811 957 913 990 verba
955 955 1058 991 sunt:
1098 957 1156 990 Ab

395 1006 498 1039 Anno
524 1003 694 1043 centesimo
731 1005 881 1051 Vrgelimo
907 1005 1029 1040 offla-vo
1059 1005 1156 1048 supra

395 1055 444 1088 M
454 1052 605 1091 llclt‘mum
618 1081 627 1097 ,
649 1056 807 1089 Bononiae
813 1059 842 1099 J
845 1055 910 1089 uris
926 1056 1066 1101 publime
1083 1065 1153 1101 pro-

389 1103 514 1148 Jeffivm'
551 1105 677 1138 exordia
712 1104 848 1150 dedifflr,
885 1105 1050 1148 priscorum
1087 1115 1151 1140 tra-

394 1156 477 1188 dunt
501 1155 679 1190 memoriae.
707 1157 830 1201 Neque
855 1154 947 1188 secus
973 1153 1076 1189 habet
1098 1155 1154 1190 in-

394 1202 542 1250 scriptio
580 1204 685 1251 posita
716 1204 850 1239 Irnerio
879 1204 916 1239 in
946 1204 1153 1240 Bononiensi

393 1252 583 1298 Gymnafio
600 1279 608 1287 .
649 1256 727 1288 Hoc
754 1255 787 1289 δε
816 1254 879 1289 alii
907 1253 1125 1291 affirmarunt
1142 1284 1152 1299 ,

391 1316 479 1350 quos
508 1316 781 1339 commemorare
811 1303 903 1340 nihil
932 1305 1082 1346 attinet,
1113 1319 1151 1342 u*

391 1353 421 1388 ti
450 1366 561 1397 neque
589 1353 854 1394 Trithemium,
883 1368 902 1390 a
929 1369 999 1403 quo
1027 1356 1152 1393 Irnerii

390 1402 459 1439 five
487 1404 661 1439 Wernerii
701 1415 793 1440 aetas
830 1418 1006 1453 perperam
1035 1406 1151 1442 differ—

390 1463 449 1490 tur
485 1453 526 1489 ad
564 1463 721 1502 tempora
758 1455 907 1491 Henrici
936 1458 999 1491 VI.
1027 1458 1151 1506 Augu-

388 1503 452 1547 sti,
480 1503 547 1539 hoc
575 1505 641 1549 est,
669 1504 774 1553 usque
801 1506 842 1541 ad
871 1509 1016 1542 Annum
1041 1507 1148 1543 Chri-

389 1553 429 1590 sti
458 1557 631 1590 MCXCI.
671 1558 789 1600 Quare
825 1556 950 1599 vides,
987 1557 1028 1592 ad
1063 1571 1150 1606 quae

389 1614 549 1652 tempora
597 1604 764 1641 haetenus
809 1607 1002 1642 collocatus
1042 1607 1149 1645 fuerit

390 1662 468 1689 tum
515 1655 692 1698 imerius,
735 1665 810 1691 tum
854 1656 1149 1704 Jurisprudentiae

390 1716 474 1739 reno
484 1711 596 1738 vatum
619 1703 708 1750 apud
725 1705 959 1742 Bononienses
980 1707 1150 1747 studium.

444 1755 483 1788 In
506 1753 568 1787 hac
584 1751 622 1788 ἃ
640 1766 704 1801 ego
720 1752 890 1789 sententia
905 1768 995 1789 eram
1011 1783 1021 1797 ‚
1040 1771 1147 1802 quum

391 1802 649 1840 praefationem
687 1802 801 1851 scripsi
838 1803 876 1839 in
911 1806 1024 1849 Leges
1054 1808 1147 1842 Lan—

391 1854 594 1903 gobardicas
633 1867 651 1889 a
690 1866 745 1889 me
783 1853 926 1899 editas,
966 1856 1067 1891 Parte
1103 1858 1148 1892 ΙΙ.

391 1904 504 1941 Tomi
526 1906 552 1939 Ι.
576 1906 652 1939 Rer.
674 1904 789 1940 Italic.
818 1905 872 1940 Ibi
894 1918 1034 1952 quoque
1053 1919 1147 1941 com-

390 1968 533 1991 munem
571 1954 736 1990 hafi‘tenus
772 1955 978 1991 sententiam
1016 1958 1146 2005 ample-

389 2019 456 2043 xus
484 2005 534 2040 fui
551 2032 561 2046 ‚
598 2005 801 2041 statuentem
818 2030 830 2046 ,
859 2005 1073 2051 Pandeffls,
1107 2007 1147 2042 fi-

390 2068 434 2092 ve
466 2055 682 2104 Digestorum
711 2056 864 2096 Libros,
891 2056 929 2091 in
959 2057 1062 2093 Italia
1089 2071 1149 2105 per

390 2107 529 2154 aliquot
565 2115 646 2141 ante
684 2108 804 2142 Secula
842 2107 1051 2155 negle&os‚
1087 2118 1148 2145 aut

389 2156 615 2201 deperditos,
643 2158 782 2193 tandem
810 2156 847 2192 in
875 2157 1146 2204 depopulatione

388 2206 579 2256 Amalphis
601 2212 707 2242 Anno
726 2209 992 2244 MCXXXVII.
1015 2207 1084 2244 five
1107 2217 1147 2245 ut

338 2271 341 2273 ’
388 2258 516 2306 Pagius
544 2258 727 2294 contendit
745 2285 756 2302 ,
784 2260 1012 2295 MCXXXV.
1039 2272 1058 2295 a
1085 2259 1143 2295 Pi-

387 2308 478 2345 sanis
515 2308 613 2345 fuiffe
648 2318 827 2358 repertos,
862 2322 1011 2357 quorum
1052 2309 1143 2346 anti-

386 2359 570 2408 quiffimus
605 2372 644 2395 ac
681 2359 892 2396 venerandus
925 2360 1048 2396 Codex
1085 2360 1143 2396 Pi-

387 2410 437 2446 sas
475 2422 557 2447 tunc
594 2411 785 2454 advectus,
820 2424 912 2447 nunc
943 2410 1143 2447 Florentiae

387 2461 610 2499 adservatur.
647 2464 693 2497 Et
722 2461 798 2498 sane
834 2461 1009 2509 hucusque
1035 2461 1142 2497 tradi-

388 2520 465 2549 tum
501 2512 539 2551 ἃ
575 2513 747 2550 creditum
784 2511 856 2559 est,
896 2512 1167 2558 tantummodm

1270 297 1416 333 studium
1457 310 1495 333 ac
1532 296 1629 334 usum
1667 299 1704 333 in
1743 299 1884 336 Scholas
1923 314 2025 349 pene-

1269 349 1391 388 trasse,
1419 361 1524 394 quum
1555 357 1655 383 antea
1682 347 1743 397 qui
1772 351 1924 398 Legibus
1954 353 2024 387 Ro-

1270 399 1381 434 manis
1402 399 1437 434 in
1458 399 1560 434 Italia
1583 397 1770 442 vivebant,
1792 400 1924 436 Codice
1945 401 2026 449 qui-

1269 449 1345 484 dem
1371 449 1605 493 justinianeo,
1632 448 1771 498 ejusque
1797 450 1960 486 Novellis
1984 464 2024 488 ae

1270 500 1577 541 Institutionibus‚
1606 513 1674 535 non
1704 510 1817 536 autem
1849 500 2025 549 Digestis,

1269 561 1468 586 uterentur.
1506 552 1636 586 Verum
1679 553 1720 585 D.
1757 551 1876 586 Guido
1912 553 2026 587 Gran-

1268 600 1371 645 dius,
1408 600 1684 637 Camaldulenfis
1715 602 1856 641 Abbas,
1891 602 1924 636 δ(
1961 615 2025 648 pu·

1270 651 1379 687 blicus
1416 652 1453 688 in
1494 652 1617 688 Pisano
1646 654 1786 697 Lycaeo
1825 651 2025 689 Matheseos

1271 701 1459 745 Professor,
1485 702 1541 738 vir
1566 712 1637 737 tum
1665 716 1707 738 ex
1738 701 2025 742 mathematicis.

1267 761 1341 787 tum
1380 766 1422 788 ex
1456 753 1653 789 eruditione
1691 753 1746 788 sua
1784 752 1912 800 ubique
1941 753 2025 788 Cla-

1267 802 1438 846 riffimus‚
1475 804 1512 840 in
1550 803 1701 851 Epistola
1738 803 1778 839 ad
1807 804 1861 839 Cl.
1896 805 1935 838 V.
1964 805 2024 846 Jo-

1268 851 1406 896 sephum
1445 856 1645 890 Averanum
1669 882 1679 897 ‚
1717 856 1824 889 Anno
1858 854 2024 889 MDCC·

1267 905 1398 938 XXVI.
1427 903 1510 940 Pifis
1530 905 1644 948 edita,
1664 905 1697 939 &
1727 903 1922 951 insequenti
1945 905 2023 938 An-

1265 965 1312 987 no
1347 967 1424 989 cum
1455 955 1719 990 Additamentis
1756 955 1900 996 recusa,
1937 953 2022 989 haec

1262 1003 1382 1039 omnia
1418 1005 1454 1039 in
1483 1006 1627 1040 dubium
1659 1004 1863 1043 revocavit,
1891 1003 1928 1039 &
1959 1015 2020 1050 pro

1264 1052 1323 1087 suo
1343 1054 1483 1100 quidem
1511 1068 1605 1089 more
1627 1054 1794 1101 judiciose
1816 1063 1919 1098 atque
1944 1065 2022 1087 ner-

1264 1102 1368 1138 vose.
1407 1103 1469 1138 Sed
1506 1104 1539 1138 &
1569 1114 1649 1138 ante
1676 1103 1869 1138 Grandium
1901 1104 2021 1138 Dona-

1261 1162 1316 1188 tus
1341 1153 1522 1189 Antonius
1548 1152 1694 1188 Astenfis
1720 1156 1827 1188 Anno
1854 1154 2020 1188 MDCC-

1263 1205 1375 1239 xxu.
1406 1204 1557 1252 Neapoli
1585 1205 1733 1240 Librum
1764 1203 1898 1244 edidit,
1930 1216 2021 1238 non-

1260 1255 1340 1289 dum
1380 1254 1468 1290 mihi
1509 1254 1728 1302 inspeestum,
1765 1254 1821 1289 cui
1861 1253 2015 1289 titulus:

1260 1304 1348 1340 Delt'
1363 1305 1436 1349 uso,
1473 1319 1488 1339 c
1523 1308 1662 1340 autarith
1691 1306 1775 1339 della
1802 1304 1930 1350 Ragion
1957 1303 2019 1337 Ci-

1258 1356 1326 1390 vile
1361 1357 1442 1390 nelle
1470 1356 1636 1390 Provincie
1671 1355 1747 1390 delt'
1766 1355 1895 1401 Imperio
1930 1353 2015 1388 Osci-

1257 1407 1404 1446 dentale‚
1432 1406 1468 1441 in
1494 1419 1564 1453 quo
1589 1406 1796 1449 contendit,
1822 1404 1909 1440 falso
1936 1417 2018 1452 pro-

1258 1457 1370 1491 ditum
1401 1456 1565 1491 haestenus
1593 1456 1717 1499 fuiffe,
1757 1455 1944 1490 Pandeetas
1975 1468 2017 1490 o-

1257 1507 1321 1542 lim
1356 1506 1517 1546 Pisanos,
1553 1520 1645 1542 nunc
1678 1505 1901 1541 florentinos
1939 1503 2017 1550 (li-

1257 1567 1333 1593 ceat
1359 1557 1454 1592 enim
1483 1556 1607 1596 semel,
1632 1555 1725 1604 quod
1753 1555 1891 1601 aliquot
1920 1566 2017 1600 prae-

1256 1607 1341 1643 clari
1371 1607 1450 1643 Viri
1478 1607 1658 1650 fecerunt,
1689 1604 1884 1641 masculino
1911 1616 2016 1652 gene-

1256 1672 1291 1693 re
1315 1659 1525 1693 vocabulum
1551 1658 1617 1693 hoc
1641 1657 1786 1704 efferre)
1815 1654 1946 1690 Pisanis
1971 1653 2014 1689 ad

1259 1708 1464 1756 Amalphim
1486 1708 1524 1743 in
1545 1711 1704 1756 praedam
1723 1705 1929 1754 contigiffe3
1951 1703 2016 1739 sta-

1257 1766 1378 1797 tuens,
1415 1769 1535 1793 eorum
1564 1758 1660 1791 usum
1688 1758 1727 1790 in
1755 1757 1858 1789 Italia
1893 1753 2015 1800 perdu-
2070 1771 2081 1783 s

1255 1808 1338 1842 rasse
1365 1821 1404 1842 ac
1431 1806 1551 1848 fuisse,
1575 1806 1680 1850 longe
1707 1812 1893 1849 antequam
1926 1804 2016 1838 Pan-

1255 1855 1430 1889 deaarum
1468 1853 1591 1888 Codex
1630 1851 1772 1888 Pisanus
1812 1852 2014 1900 agnoscere-

1255 1913 1331 1940 tur.
1358 1903 1416 1939 Ad
1440 1902 1523 1938 haec
1542 1902 1713 1939 eximium
1739 1904 1856 1938 locum
1879 1902 1916 1937 in
1939 1903 2013 1938 Ac-

1255 1952 1460 1990 ceffionibus
1478 1953 1623 1989 Roberti
1639 1954 1680 1988 de
1695 1956 1821 1988 Monte
1836 1951 1876 1987 ad
1896 1951 2012 1988 Chro-

1254 2005 1360 2041 nicon
1397 2004 1590 2052 Sigeberti,
1625 2017 1643 2038 a
1673 2002 1846 2039 Dacherio
1879 2002 2011 2048 editis,

1201 2050 1215 2059 '³
1254 2054 1505 2092 animadvertit
1548 2053 1764 2090 doetiffimus
1806 2053 2010 2098 Gmndius,

1254 2105 1310 2142 cui
1337 2105 1360 2140 fi
1388 2104 1665 2153 acquiescamus,
1688 2104 1934 2141 antevertenda
1962 2103 2010 2140 est

1253 2170 1323 2192 uno
1354 2155 1463 2192 ferme
1491 2157 1614 2192 Seculo
1647 2155 1860 2193 Academiae
1888 2155 2009 2190 Bono-

1252 2206 1376 2243 niensis
1395 2206 1591 2243 institutio.
1614 2209 1669 2243 Ita
1689 2221 1770 2250 ergo
1791 2205 1912 2241 scribit
1935 2206 2007 2240 Ro-

1252 2259 1367 2294 bertus
1393 2257 1434 2292 ad
1460 2258 1605 2294 Annum
1631 2259 1825 2294 Mxxxn.
1850 2257 1891 2292 de
1918 2256 2007 2290 Bea-

1249 2317 1288 2345 to
1312 2307 1534 2353 Lanfranco‚
1559 2308 1671 2356 postea
1694 2305 1933 2346 Cantuariensi
1956 2307 2006 2340 E-

1248 2359 1417 2408 piscopo‚
1453 2360 1550 2408 cujus
1586 2359 1624 2396 in
1664 2359 1823 2407 proxime
1866 2369 2004 2403 praece-

1247 2410 1344 2446 denti
1373 2409 1623 2446 Differtatione
1649 2410 1718 2447 fuit
1744 2407 1835 2446 mihi
1863 2407 2001 2443 sermo:

1248 2461 1444 2505 Lansrancus
1480 2461 1643 2506 Papiensis
1678 2462 1721 2496 &¹
1748 2462 1919 2496 Garnerius
1951 2458 2003 2501 so-

1247 2511 1311 2547 cius
1344 2511 1437 2559 ejus,
1472 2513 1600 2561 repertis
1625 2513 1712 2558 apud
1736 2511 2001 2594 Bononiafsze-

1852 2575 1890 2607 gl
