2237 3084
429 241 486 282 79
763 221 1152 281 ANTIQUJT.
1193 219 1415 264 MEDII
1450 218 1615 262 AEVJ
1876 224 1935 267 80

361 283 454 321 ticos
483 285 636 319 Graecos
661 282 854 319 recensere.
892 284 990 329 Quin
1021 283 1121 320 Lati·
1164 282 1198 317 A
1235 279 1402 324 Johannis
1439 277 1701 324 Chrysostotni,
1737 292 1821 328 quas
1857 284 1889 318 ἃ
1928 297 1994 334 ege

364 335 420 371 nis
447 334 562 371 literis
589 335 653 370 ille
681 334 853 381 scripserit
870 361 880 378 ‚
908 335 1005 370 nulla
1034 334 1123 370 mihi

363 385 544 421 dubitatio
583 384 652 420 est.
690 385 813 420 Visum
853 398 992 432 quoque
1034 385 1123 420 mihi

364 435 434 472 fuit
460 436 498 472 in
525 435 746 471 BZbliotheca
770 435 996 470 Ambrofiana
1024 437 1123 469 Chro-

360 487 450 522 m'con
479 487 602 521 Fratris
624 487 740 532 Jacobi
767 491 804 520 de
831 486 939 531 Aquis
956 510 966 525 ,
994 486 1123 519 ordinis

360 539 637 580 praedicatorum,
666 537 758 585 quod
788 534 991 571 inscribitur
1019 537 1124 581 [mago

364 589 509 624 Mundi.
542 588 572 624 [s
600 588 776 636 postquam
802 587 970 622 nonnulla
991 585 1120 620 deliba-

363 638 422 674 vit
462 653 481 674 e
522 639 679 686 Magistro
721 642 811 673 Petro
848 635 1067 679 Pfiavienfi,
1105 648 1123 670 a

360 702 435 736 quo
454 689 660 725 Chronicon
678 688 912 736 conscriptum
935 687 1032 722 fuisse
1053 695 1122 721 tra-

360 740 441 778 dit,
479 740 662 775 exordium
703 739 778 774 suae
806 738 999 774 narrationi
1037 736 1123 771 facit

359 802 381 826 ι
402 790 492 838 Cajo
520 790 684 838 Caligula
717 793 947 837 Imperatore,
975 800 1121 834 eamque

359 840 583 888 prosequitur
610 840 715 888 usque
743 841 783 875 ad
813 837 1046 875 Caelestinum
1077 840 1119 872 V.

359 892 513 938 Papam,
551 890 588 926 δι
628 891 773 926 initium
813 888 989 925 Bonifacii
1020 889 1121 922 vm.

357 940 409 977 ita
439 950 477 977 ut
504 940 777 989 dignoscamus,
814 940 925 985 ipsum
971 938 1122 975 floruiffe

357 993 468 1027 Anno
490 992 620 1027 Christi
644 993 887 1027 MCCXCVI.
908 993 1006 1038 Ego,
1028 987 1121 1034 quod

357 1043 485 1077 multis
513 1042 659 1088 ineptiis
685 1055 723 1077 ac
752 1041 878 1076 fabulis
906 1042 995 1076 illud
1024 1041 1122 1083 Opus

358 1091 511 1135 scateat,
549 1092 697 1139 stiloque
733 1091 864 1127 humili
902 1104 940 1126 ac
978 1090 1122 1124 barbaro

357 1143 596 1191 conscriptum
625 1142 754 1185 fuerit,
793 1141 903 1176 veluti
934 1142 1052 1187 parurn
1082 1152 1120 1174 u-

355 1192 462 1228 tilem
500 1192 632 1229 foetum
671 1192 738 1228 suis
776 1191 928 1227 tenebris
966 1189 1122 1238 reliqui.

354 1244 542 1280 Nonnulla
585 1253 701 1278 tamen
740 1242 822 1278 inde
862 1242 1003 1289 excerpi
1046 1239 1121 1286 pos-

354 1292 455 1335 sent,
483 1293 581 1329 suum
611 1293 708 1329 usum
739 1294 900 1328 habitura
929 1293 965 1326 in
996 1291 1120 1325 Italica

353 1344 534 1380 Historia.
564 1345 656 1379 Vide
685 1346 948 1379 Benevenutum
975 1342 1016 1375 de
1037 1343 1118 1375 San-

354 1393 416 1430 ao
443 1395 599 1440 Georgio
636 1395 674 1429 in
713 1393 843 1429 Hister.
873 1391 1117 1427 Montisferra-

353 1443 386 1479 ti
404 1472 414 1487 ,
443 1446 504 1492 qui
537 1444 658 1487 Jacobi
689 1444 784 1480 istius
814 1443 1049 1478 narrationem
1078 1443 1120 1478 de

354 1494 495 1542 origine
525 1493 775 1530 Marchionum
809 1493 1117 1530 Montisferraren-

354 1544 439 1580 fiurn
470 1543 628 1579 refellit.
658 1544 797 1579 Voffius
834 1544 933 1588 supra
961 1544 1119 1579 laudaeus

352 1598 484 1632 Petrum
526 1593 760 1636 Pifflavienscm
806 1592 958 1628 floruisse
1001 1592 1121 1628 scribit

351 1645 434 1681 circa
447 1649 585 1680 Annum
616 1644 824 1686 Millefimum
846 1643 1100 1682 Trezemesimum
1111 1670 1121 1679 .

354 1696 537 1730 Vetustior
578 1696 679 1741 plane
725 1694 832 1731 fuerit
878 1694 1008 1729 necesse
1049 1694 1120 1734 est,

355 1744 498 1791 quando
528 1744 683 1778 Historia
710 1745 809 1780 illius
829 1745 874 1780 est
896 1745 971 1781 usus
1000 1748 1121 1780 Frater

356 1794 506 1839 jacobus
536 1792 729 1839 Aquenfis‚
766 1795 828 1839 qui
858 1795 949 1827 suam
980 1795 1121 1830 circiter

357 1849 505 1882 Annum
528 1844 774 1878 MCCXCVI.
796 1843 1026 1877 contexebat.
1056 1847 1118 1877 At-

357 1909 426 1943 que
467 1894 551 1930 haec
591 1894 708 1928 obiter
748 1894 790 1929 de
831 1890 987 1928 Historia
1028 1891 1121 1926 <heia

360 1946 450 1983 fint.

414 1998 593 2031 Praeterea
620 1993 805 2030 tribuenda
833 1993 877 2029 est
914 1991 1120 2028 Italicorum

358 2046 569 2089 industriae,
597 2059 636 2081 ac
673 2045 815 2087 studiis,
853 2045 1004 2079 Graecae
1033 2042 1120 2078 Lin-

359 2111 448 2146 guae
495 2097 583 2144 apud
630 2096 877 2131 Occidentales
923 2093 1121 2130 restitutio.

363 2149 514 2186 Nullum
552 2147 692 2195 quidem
731 2146 839 2182 ferme
873 2146 1032 2181 Seculum
1061 2148 1132 2179 oc-'

360 2207 500 2242 curret,
528 2211 598 2244 quo
627 2198 667 2232 ab
697 2198 799 2233 Italia
828 2196 966 2245 penitus
987 2195 1119 2231 exsula—

361 2248 411 2285 rit
439 2248 742 2298 praestantissimae
762 2248 860 2284 illius
883 2247 1043 2295 Linguae
1065 2258 1122 2292 pe—

362 2299 447 2336 ritia
465 2324 476 2340 ‚
518 2312 626 2347 quum
668 2313 735 2335 una
783 2301 895 2334 Roma
945 2308 1122 2343 nunquam

363 2363 435 2386 non
463 2351 593 2386 aluerit
624 2351 776 2398 aliquem
798 2351 930 2384 Graece
958 2347 1124 2386 doetum,

363 2410 556 2450 aptumque
583 2401 624 2437 ad
664 2400 941 2448 interpretandos
970 2401 1121 2433 Graeco-

364 2465 442 2488 rum
471 2454 619 2489 Libros.
648 2454 830 2500 Leguntur
853 2451 964 2486 adhuc
988 2449 1025 2484 in
1050 2447 1121 2484 Co-

366 2502 504 2539 dicibus
532 2503 645 2539 Mstis
672 2503 836 2550 antiquae
856 2500 1025 2549 ejusmodi
1048 2512 1121 2534 ver·

366 2552 476 2591 iones
503 2553 665 2603 aliquot,
692 2566 731 2591 ac
758 2553 942 2604 praecipue
968 2553 1124 2600 Operum

1235 344 1305 366 non
1326 330 1429 366 semel
1456 344 1534 377 prae
1555 332 1714 366 manibus
1742 332 1867 369 habui.
1897 338 1991 371 Nam

1236 392 1369 430 praeter
1399 381 1652 427 antiquissimas
1677 383 1887 429 quarundam
1913 388 1992 423 Ho-

1236 431 1414 468 miliarum
1457 432 1606 479 ejuldem
1655 431 1887 469 facundissimi
1927 439 1993 472 Pa-

1235 482 1405 518 triarchae
1442 481 1749 527 interpretationes
1778 485 1819 518 ab
1849 485 1992 522 Aniano

1233 534 1264 568 &
1296 532 1464 568 Mutiano
1492 532 1624 572 sufflas,
1646 534 1812 577 Johannes
1841 538 1994 582 Burgun-

1233 584 1324 626 dius,
1361 584 1470 626 Judex
1500 583 1535 618 ὅ(
1575 584 1677 619 Civis
1718 583 1858 619 Pisanus
1887 586 1992 622 circi-

1233 644 1286 668 ter
1316 636 1458 668 Annum
1489 635 1610 670 MCL.
1640 634 1695 669 vir
1722 637 1874 670 Graecae
1904 636 1995 671 Lin-

1233 696 1319 727 guae
1349 683 1618 726 scientissimus,
1648 684 1718 731 (de
1755 698 1824 732 quo
1862 687 1917 721 cl.
1948 689 1994 722 V.

1233 733 1351 768 Guido
1379 736 1553 769 Grandius
1583 736 1701 770 Abbas
1738 735 1994 772 camaldulen-

1235 783 1272 819 sis
1299 784 1373 831 egit
1393 785 1429 820 in
1452 784 1593 832 Epistol.
1614 786 1654 820 de
1687 786 1867 822 Pandeffis
1897 800 1994 823 num.

1237 836 1317 882 19.)
1347 836 1460 870 multo
1489 837 1601 882 plures
1629 849 1672 871 ex
1709 836 1753 872 iis
1792 837 1993 881 Homiliis,

1233 886 1430 932 pariterque
1457 884 1494 921 ὅ(
1523 887 1591 921 alia
1619 887 1794 933 Opuscula
1822 887 1990 934 Gregorii

1233 936 1401 980 Nyffeni,
1421 937 1454 971 δ(
1481 936 1647 979 Johannis
1671 939 1899 982 Damasceni,
1923 940 1994 974 La-

1231 986 1284 1020 tio
1325 986 1472 1022 donavit
1497 1013 1505 1022 .
1558 989 1642 1033 Quo
1682 988 1788 1024 etiam
1832 999 1991 1037 tempore

1230 1035 1406 1082 splenduit
1440 1036 1506 1072 hoc
1543 1039 1664 1073 eodem
1702 1049 1910 1073 ornamento
1947 1039 1994 1073 il-

1229 1086 1367 1130 lustris,
1397 1090 1489 1131 Hugo
1517 1089 1733 1127 Erbniunus,
1771 1089 1897 1122 natione
1925 1091 1994 1121 Tu-

1226 1136 1320 1179 scus,
1364 1137 1416 1171 uti
1460 1137 1533 1183 ejus
1576 1136 1682 1172 frater
1721 1151 1759 1172 ac
1800 1137 1994 1183 discipulus

1158 1185 1192 1223 C
1229 1190 1312 1229 Lm,
1340 1200 1358 1222 a
1386 1187 1592 1222 Trithemio
1620 1187 1801 1223 laudatus.
1830 1188 1931 1223 Adde
1955 1189 1991 1223 &

1230 1237 1447 1284 antiquiores
1472 1263 1481 1272 .
1522 1238 1720 1285 sigebertus
1758 1237 1795 1273 in
1832 1239 1914 1274 Lib.
1951 1238 1995 1275 de

1229 1288 1397 1336 Saiptor.
1440 1288 1665 1323 Ecclefiastic.
1704 1299 1876 1325 memorat
1913 1293 1994 1324 Leo-

1231 1352 1297 1371 mm
1340 1341 1383 1374 lt.
1429 1339 1583 1386 Papam,
1626 1340 1776 1373 Pcutfum
1821 1341 1996 1375 Diaconum

1231 1388 1507 1437 Neapolitanum
1523 1413 1532 1428 ,
1552 1390 1760 1426 Analiafmm
1780 1390 1907 1432 lantque
1928 1395 1998 1425 Ro-

1228 1453 1339 1474 manae
1366 1442 1398 1474 E
1418 1439 1520 1480 Arliae
1559 1441 1857 1483 B'bliothecarium‚
1898 1442 1994 1476 Pela-

1225 1493 1315 1538 gium
1354 1494 1552 1529 Dua-mmm,
1592 1491 1625 1524 &
1666 1494 1793 1524 Petrum
1821 1493 1997 1525 snbdiaca-

1228 1555 1301 1575 num
1338 1540 1487 1589 ejisdem
1529 1539 1725 1580 Ecclesiae,
1763 1540 1823 1587 qui
1861 1544 1995 1578 Graeca

1228 1591 1263 1627 in
1296 1594 1465 1627 Latinum
1496 1590 1713 1625 transtulere.
1757 1593 1810 1626 Ira
1848 1587 1994 1628 Saeculo

1144 1641 1202 1674 'D‘
1227 1641 1360 1678 Christi
1386 1644 1492 1677 Nono
1516 1642 1683 1687 Neapolis
1702 1642 1884 1684 Iohannem
1910 1642 1996 1676 Βίσ-

1229 1705 1335 1725 conum
1360 1718 1370 1734 ‚
1413 1692 1558 1726 Saeculo
1603 1692 1752 1725 Decimo
1796 1691 1995 1728 Ticinensis

1232 1742 1322 1775 Urbs
1351 1742 1501 1786 protulit
1529 1743 1785 1784 vum-«andum,
1816 1742 1923 1787 postea
1948 1744 1995 1777 Ε-

1231 1791 1412 1838 piscopum
1440 1789 1691 1831 Ticinensem,
1729 1791 1847 1824 ambos
1885 1794 1996 1829 Grae-

1231 1855 1288 1876 cae
1318 1841 1479 1888 Linguae
1508 1839 1732 1886 peririffiinos
1751 1867 1758 1875 .
1789 1843 1912 1877 Seculo
1933 1857 1996 1879 au-

1230 1900 1300 1927 tem
1329 1890 1530 1924 Undecimo
1559 1889 1656 1921 suara
1681 1889 1833 1924 vidimus
1856 1891 1993 1929 floruis-

1231 1940 1263 1975 se
1292 1936 1490 1974 Mediolani
1522 1937 1615 1972 viros
1643 1940 1774 1973 Graece
1803 1953 1840 1974 ac
1862 1943 1994 1979 Latine

1230 1988 1375 2036 do&os3
1406 1986 1528 2033 ibique
1556 1987 1686 2033 pariter
1714 1989 1857 2025 ineunte
1885 1993 1990 2029 Secu-

1230 2040 1266 2074 lo
1311 2037 1530 2072 Duodecimo
1578 2037 1879 2076 Mediolanensem
1918 2042 1993 2079 Ca-

1161 2088 1204 2123 E³
1231 2088 1389 2124 thedram
1419 2087 1534 2122 tenuit
1561 2088 1751 2132 Cbiysolaus
1768 2113 1776 2127 ‚
1816 2090 1883 2127 sive
1912 2096 1992 2128 Gro-

1227 2140 1381 2184 sulanus,
1410 2147 1448 2173 ut
1475 2138 1578 2172 habet
1607 2140 1836 2185 Landulphus
1863 2155 1879 2176 a
1908 2145 1994 2179 San-

1231 2190 1289 2226 80
1319 2190 1447 2227 Paulo,
1483 2189 1537 2222 vir
1564 2191 1683 2223 (ῗ-αωὶ
1711 2192 1752 2223 (9·
1782 2192 1902 2225 Latina
1928 2195 1993 2227 elo-

1231 2241 1359 2288 quentie?
1395 2238 1547 2282 infiqm‘s.
1584 2239 1647 2274 Sed
1688 2241 1901 2288 potiffimum
1933 2245 1992 2279 Se-

1233 2293 1312 2327 culo
1351 2289 1570 2326 Christianae
1608 2291 1720 2326 Aerae
1763 2294 1869 2327 Sexto
1911 2294 1991 2329 curi

1231 2341 1466 2385 Caffiodorii,
1503 2355 1521 2377 e
1558 2343 1722 2377 senatore
1749 2343 1920 2379 Monachi
1949 2343 1987 2381 &

1235 2392 1405 2437 Abbatis,
1434 2392 1502 2427 viri
1532 2393 1749 2429 celeberrimi
1768 2422 1775 2434 ,
1813 2395 1847 2428 &
1886 2395 1926 2430 de
1954 2408 1989 2430 re

1233 2444 1405 2481 Literaria
1433 2443 1567 2488 optime
1589 2444 1730 2487 meriti,
1758 2444 1793 2480 in
1817 2445 1989 2481 Larinum

1232 2494 1382 2530 converfi
1417 2493 1510 2529 fuere
1538 2508 1606 2529 non
1645 2495 1743 2543 pauci
1772 2498 1986 2532 Graecorum

1230 2545 1360 2583 Libri.
1385 2545 1526 2583 Auebr
1560 2546 1624 2583 ille
1660 2546 1705 2582 est
1741 2546 1778 2582 in
1811 2547 1919 2581 Libro
1947 2547 1989 2582 de

1797 2597 1937 2633 Institu-
