2237 3084
237 250 317 290 137

170 295 264 341 Ergo
308 299 406 327 natae
443 289 661 339 temporibus
697 287 742 322 iis
781 283 930 330 Prophe-

173 344 244 379 tiae
274 342 434 380 Martini,
471 342 513 377 de
549 340 646 386 cujus
673 336 863 371 nativitate
893 347 932 369 ac

173 394 248 429 vita
270 392 511 432 admirandae,
541 389 593 424 sed
622 383 854 431 ineptissimae
882 382 928 418 fa-

174 444 276 479 bulae
318 443 465 481 traditae
507 439 608 475 sunt,
646 447 757 481 neque
794 435 831 470 in
869 435 929 469 du-

176 495 273 530 bium
303 507 320 529 a
347 501 519 539 quoquam
548 497 630 521 tunc
655 493 856 520 revocatae.
886 487 931 520 E.

175 544 365 581 merserunt
391 541 497 574 etiam
532 536 737 582 prophetiae
766 535 806 570 de
836 534 922 572 futu-

171 595 218 630 ris
260 590 410 626 Romanis
457 586 694 631 Ponttfisibus‚
734 599 793 634 per
828 595 958 632 typosff

169 641 333 689 quosdam
376 637 411 674 ὅ(
459 637 630 685 imagines
673 636 931 683 confiauratae,

171 705 254 740 quas
281 689 390 725 etiam
424 688 647 724 Bibliotheca
686 687 827 724 Estenfis
858 703 931 724 rna—

421 226 785 274 DIS-&ERTATIO
817 219 1557 281 QJADRAGESJMAQUARTA

1662 225 1741 275 138

970 280 1004 314 A
1045 277 1126 324 sque
1154 291 1171 312 a
1199 277 1393 314 Cardinals
1427 279 1602 314 Portuenfi
1641 281 1677 316 in
1715 284 1807 316 Ger-

169 755 215 777 nu
256 751 434 779 exaratas,
481 739 616 786 suisque
654 739 831 775 coloribus
879 740 927 776 di·
955 732 1000 766 ‘B

169 791 290 828 stin&
333 790 488 839 depifitas
531 790 716 826 adservat.
760 793 826 826 Eas
868 805 932 839 ego

170 843 385 890 protulissem
405 869 415 885 ‚
444 840 505 877 nifi
535 851 635 876 antea
675 841 807 890 publici
848 842 932 889 juris

171 893 278 929 saetas
307 892 496 927 novissem.
528 895 606 927 Huc
637 891 791 940 spefi‘tant
820 891 856 928 &
887 893 930 929 il·

171 945 251 987 lae,
279 957 367 991 quae
395 942 730 979 circumferebantur
765 942 851 978 falso
879 952 929 978 at-

172 995 324 1030 tributae
358 994 525 1038 Joarhimo
551 995 699 1034 Abbati,
737 994 789 1029 uti
827 993 863 1030 ὅ(
894 994 933 1029 fi-

171 1046 272 1079 miles
316 1044 487 1080 confustae
529 1044 588 1080 sub
629 1044 772 1080 nomine
821 1045 936 1080 sancsli

173 1095 357 1129 Malachiae
397 1095 666 1142 Archiepiscopi
717 1095 753 1131 in
804 1095 934 1131 Hiber-

172 1145 254 1193 nia3
284 1144 441 1189 itemque
463 1146 573 1189 aliae,
603 1144 672 1180 fata
694 1156 840 1182 ventura
863 1145 934 1182 Ur-

175 1195 271 1230 bium
300 1208 338 1229 ac
370 1197 606 1242 Populorum,
644 1195 664 1230 fi
705 1195 833 1242 superis
863 1197 935 1243 pla-

155 1253 249 1283 ficet,
278 1244 538 1291 praedicentes.
570 1246 718 1291 Ineptiis
756 1245 848 1280 hisce
878 1259 934 1292 pa-

173 1294 328 1329 scebatur
369 1302 453 1329 tunc
495 1293 678 1329 hominum
723 1294 934 1345 curiofitas;

171 1354 276 1392 atque
317 1344 354 1380 in
392 1344 481 1380 hanc
518 1358 589 1379 rem
629 1344 827 1382 omittenda
864 1360 935 1382 non

172 1394 271 1434 sunt,
299 1408 387 1441 quae
415 1395 519 1430 habet
548 1395 685 1431 Auctor
723 1396 935 1443 synchronus

172 1446 398 1481 Memorialis
438 1446 651 1482 Potestatum
692 1447 936 1496 Regienfium,

170 1497 290 1532 Tomo
319 1498 420 1531 V111.
452 1499 529 1532 Rer.
569 1497 800 1535 Italicarum.
839 1501 936 1534 Haec

172 1545 252 1581 sunt
290 1546 362 1593 ejus
401 1547 505 1582 verba
542 1547 583 1582 ad
617 1550 763 1584 Annum
801 1548 930 1586 MCC-

172 1597 358 1632 LXXXII.
388 1598 447 1632 His
475 1597 585 1632 diebus
620 1609 687 1634 erat
723 1600 757 1634 in
790 1600 937 1636 Ciuitate

171 1646 335 1689 Parmensi
363 1648 494 1694 quidam
527 1659 648 1695 pauper
685 1650 772 1685 bomo
807 1662 936 1698 operans

170 1698 209 1731 de
235 1709 325 1745 opere
349 1699 504 1732 cerdonico
517 1712 538 1741 ‚·
560 1699 698 1742 faciebat
724 1703 806 1734 enim
835 1702 932 1744 sutel-

169 1748 271 1782 lares.
299 1750 382 1782 Erat
411 1749 610 1791 illiteratus,
634 1750 690 1791 sed
717 1751 933 1784 illuminatum

171 1797 269 1831 valde
310 1796 504 1830 intelleHurn
544 1797 680 1832 habebat
714 1798 750 1831 in
785 1800 933 1843 tamum,

171 1855 208 1880 ut
235 1845 426 1893 intelligeret
449 1846 620 1893 scripturas
648 1848 795 1892 illorum,
822 1850 934 1896 quide

166 1896 286 1940 futuris
323 1896 546 1940 praedixerunt
571 1923 581 1939 ‚
627 1897 747 1939 scilicet
787 1900 932 1935 Abbcm's

160 1945 330 1990 JoacbIm‚
369 1945 530 1983 Matini.
568 1946 772 1990 Memmii,
810 1949 852 1982 (9⁴
879 1950 932 1983 55'.

170 1995 292 2039 hillae,
331 1995 454 2039 Isaiae,
487 1995 670 2039 Jeremiae,
706 1996 822 2041 Oscae,
862 2001 929 2033 Da—

167 2045 260 2080 nielis
274 2068 284 2084 ,
312 2045 353 2079 (9¹
376 2044 608 2092 Apocalypsis,
636 2059 689 2080 nec
714 2060 773 2082 non
793 2047 839 2086 ἐφ’
860 2050 930 2083 Mi-

169 2096 287 2131 chaelis
314 2095 419 2132 Scoti.
458 2098 504 2131 Et
531 2098 632 2131 multa
659 2097 772 2133 audita
805 2098 934 2142 suerunt

169 2149 211 2183 ab
237 2159 289 2188 eo,
317 2159 394 2193 quae
419 2146 520 2189 postea
543 2157 734 2192 evenerunt,
761 2149 932 2195 videlicet,

168 2198 250 2246 quod
280 2200 371 2244 Papa
409 2198 558 2233 Nicolaus
596 2198 629 2232 in
666 2199 764 2243 mense
790 2201 934 2247 Augusti

168 2247 247 2284 mon·
281 2247 414 2283 debehat
434 2274 444 2292 ‚
481 2249 524 2283 (9'
560 2250 641 2295 quod
678 2253 771 2296 Papa
808 2252 925 2287 Marti-

165 2313 224 2335 nus
253 2308 320 2334 erat
342 2298 472 2343 futurus
492 2326 503 2343 ‚
530 2298 574 2337 Θ
605 2301 706 2336 multa
732 2302 800 2338 alia
817 2329 828 2345 ‚
856 2315 933 2349 quae

166 2348 376 2396 exspeffi‘amus
413 2349 548 2393 videre,
582 2350 612 2392 fi
648 2352 742 2391 fuerit
776 2354 850 2388 vita
886 2367 932 2388 co-

167 2415 228 2436 mes
283 2400 419 2437 Auaor
445 2401 491 2436 est
519 2404 602 2438 verb
629 2401 814 2441 Conradus
843 2405 931 2440 Hal-

171 2451 384 2488 berstadenfis
408 2451 444 2487 in
466 2450 650 2490 Chronico
664 2482 673 2498 ,
694 2455 836 2491 circiter
856 2457 928 2491 An-

173 2514 254 2537 num
284 2504 440 2539 MCCL.
469 2504 615 2552 erupisse
635 2506 795 2549 Joacbu'mu‘
814 2506 927 2542 Abba·

173 2552 216 2586 ris
243 2566 350 2600 nuper
386 2555 569 2592 memorati
610 2556 841 2606 Prophetias‚
876 2571 931 2595 ea-

975 1638 1009 1673 D

1045 329 1198 363 maniam
1237 328 1371 362 miffas.
1417 328 1570 362 Prostaut
1610 333 1806 378 complures

1043 379 1244 421 editiones,
1275 378 1471 418 complures
1500 380 1604 412 etiam
1636 380 1807 429 interpre-

1045 429 1195 464 tationes
1245 429 1461 464 adulterinae
1508 427 1608 475 hujus
1653 433 1775 466 mercis
1794 459 1806 468 ..

1046 480 1250 520 Prophetias
1289 489 1403 515 autem
1443 478 1570 514 §aneto
1607 481 1807 517 Mlachiae

1045 531 1176 567 affifflas
1208 531 1338 578 primus
1366 529 1402 565 in
1432 531 1545 564 lucem
1584 530 1705 565 eduxit
1737 532 1809 567 Ar-

1046 583 1169 617 noldus
1197 581 1306 617 VVion
1344 579 1594 624 Benedif’tinus
1626 582 1729 629 Belga
1768 581 1808 618 in

1046 633 1179 675 Libro,
1209 632 1265 668 cui
1294 631 1420 668 titulus
1446 632 1585 677 Lignum
1612 634 1727 665 Vitae:
1750 645 1808 668 ea-

1047 683 1127 730 sque
1155 684 1261 718 etiam
1300 683 1549 730 interpretatus
1586 681 1683 717 fuisse
1717 681 1809 718 dici-

1046 743 1103 769 tur
1132 733 1333 782 Alphonsus
1361 733 1578 781 Ciaconiu53
1619 745 1806 778 earumque

1046 785 1218 820 editiones
1236 785 1394 820 Thomas
1415 782 1715 832 Meffinghamu5‚
1735 785 1808 819 Ga-

1048 836 1134 871 briel
1160 835 1386 877 Bucellinus,
1415 835 1590 870 Henricus
1617 836 1808 882 Engelgra-

1048 900 1110 926 ve,
1152 888 1184 922 8<
1226 886 1287 922 alii
1331 885 1455 921 deinde
1498 885 1808 934 multiplicarunt,

1046 937 1138 985 quasi
1168 951 1277 973 novos
1306 936 1408 972 hosce
1445 937 1638 982 Sibyllinos
1675 936 1806 972 Libros

1047 997 1213 1036 tanquam
1242 1002 1260 1024 e
1296 988 1394 1024 caelo
1424 987 1586 1023 demiffos
1615 986 1806 1022 curandum

1047 1038 1159 1081 foret,
1187 1048 1226 1075 ut
1253 1038 1400 1087 quisque
1423 1038 1465 1073 ad
1493 1051 1614 1073 manus
1642 1037 1808 1078 haberet,

1046 1102 1084 1124 ac
1113 1103 1217 1124 nemo
1244 1103 1313 1125 non
1342 1090 1539 1124 excoleret.
1568 1088 1698 1123 Verum
1730 1089 1808 1122 An-

1047 1152 1092 1174 no
1134 1142 1450 1176 MDCLXXXIX.
1488 1137 1689 1175 franciscus
1726 1136 1810 1173 Me-

1047 1190 1224 1226 nestrerius
1247 1191 1314 1226 Vir
1333 1189 1478 1227 Clariss.
1506 1203 1524 1225 e
1553 1188 1726 1225 Societare
1752 1190 1808 1231 Je-

1047 1240 1107 1283 su,
1135 1242 1232 1276 edito
1261 1241 1440 1282 Opusculo
1470 1239 1606 1275 Parisiis
1634 1237 1807 1286 ejusmodi

1048 1291 1251 1336 Prophetias
1281 1291 1479 1326 Malachiae
1507 1289 1592 1326 falso
1619 1288 1807 1333 adscriptas

1047 1340 1204 1376 censorio
1232 1341 1311 1375 stilo
1338 1340 1474 1389 egregie
1500 1340 1698 1375 vinfestatus
1735 1338 1807 1383 est,

1046 1391 1096 1426 ita
1125 1400 1163 1426 ut
1191 1390 1213 1426 si
1241 1400 1342 1426 antea
1369 1392 1486 1426 nullus
1512 1390 1693 1426 emunRae
1713 1388 1807 1425 naris

1046 1441 1224 1487 figmentis
1270 1441 1364 1478 hisce
1417 1440 1520 1476 fidem
1574 1440 1810 1489 adjungebat,

1045 1506 1137 1529 nunc
1165 1494 1223 1529 vel
1251 1492 1312 1541 ipfi
1343 1493 1483 1541 popello
1521 1491 1571 1527 sat
1607 1491 1696 1527 lucis
1730 1490 1809 1536 sup·

1046 1544 1241 1592 peditatum
1281 1543 1388 1579 fuerit
1424 1543 1465 1577 ad
1501 1541 1574 1589 ipsa
1611 1540 1808 1588 abjicienda

1045 1595 1101 1629 vel
1129 1593 1336 1628 deridenda.
1376 1592 1503 1627 Paulus
1530 1603 1670 1638 quoque
1698 1591 1809 1628 Scali-

1044 1658 1124 1693 ger,
1153 1642 1220 1678 sive
1248 1641 1464 1683 Scalichius‚
1494 1639 1717 1676 Paschalinus
1739 1642 1808 1677 Re-

1044 1694 1209 1742 giselmus
1231 1720 1242 1736 ‚
1283 1691 1540 1740 Theophrastus
1584 1690 1807 1732 Paracelsus,

1045 1743 1276 1786 phantasticus
1318 1744 1421 1789 plane
1458 1742 1636 1788 Scriptor‚
1673 1740 1711 1776 &
1747 1743 1808 1783 Jo-

1044 1793 1174 1829 hannes
1207 1793 1381 1828 Adrasder
1416 1791 1455 1827 in
1491 1789 1690 1838 imposturis
1726 1792 1807 1834 Joa-

1044 1844 1164 1878 chimo
1216 1841 1364 1876 tributis
1418 1840 1632 1875 extricandis
1687 1842 1805 1877 oleum

1043 1892 1140 1927 suum
1169 1890 1381 1926 insumsere.
1419 1890 1576 1926 Prostant
1612 1890 1718 1927 etiam
1749 1901 1806 1937 ty-

1043 1942 1096 1989 pis
1143 1941 1293 1978 traditae
1340 1940 1475 1977 Parifiis
1517 1944 1626 1977 Anno
1671 1941 1804 1979 Christi

1048 2003 1155 2039 1513.
1184 1991 1303 2027 inanes
1331 1992 1419 2028 aliae
1448 1992 1701 2039 praediEiiones
1729 1993 1805 2041 eju-

1045 2042 1157 2079 smodi
1185 2042 1244 2078 sub
1270 2042 1414 2079 nornine
1435 2046 1589 2087 Hermae,
1618 2044 1803 2090 Ugumim',

1045 2094 1175 2129 Fratris
1215 2094 1349 2128 Robem'
1388 2094 1498 2130 Ordin.
1534 2095 1649 2129 Praed.
1686 2095 1804 2129 Hilde-

1042 2144 1175 2192 ganiis,
1203 2144 1392 2190 Elisabeth,
1429 2145 1464 2180 8<
1501 2145 1718 2189 Mechtildis‚
1754 2145 1806 2180 le·

1047 2195 1143 2231 vium
1188 2194 1410 2245 ingeniorum
1459 2197 1623 2244 pabulum
1654 2221 1665 2236 ,
1720 2208 1804 2244 quas

1045 2247 1292 2283 tantummodo
1319 2245 1467 2283 innuisse
1496 2247 1614 2296 juvat.
1643 2249 1735 2284 Nam
1763 2259 1804 2281 ne

1044 2311 1109 2346 ego
1147 2297 1290 2346 quidem
1328 2307 1463 2347 tempus
1502 2312 1618 2335 meum
1667 2296 1805 2334 utiliter

1042 2349 1281 2396 impenderem
1310 2349 1333 2385 fi
1362 2351 1453 2386 ultra
1480 2349 1518 2385 in
1556 2348 1742 2399 prodendis
1769 2360 1804 2382 e-

1042 2398 1193 2448 jusmodi
1221 2401 1432 2437 commentis
1460 2401 1707 2449 progrederer.
1735 2400 1802 2432 At-

1043 2460 1160 2489 tamen
1190 2452 1272 2500 quia
1312 2452 1432 2488 nostris
1470 2452 1688 2501 temporibus
1726 2447 1802 2504 fin}-

1043 2503 1151 2550 plices
1178 2504 1321 2551 quidam
1349 2514 1561 2547 occurrunt,
1599 2502 1657 2549 qui
1687 2500 1721 2534 in
1750 2509 1801 2532 ei-

1040 2553 1134 2593 sdem
1163 2555 1361 2606 imposturis
1393 2556 1580 2593 Pontifices
1609 2547 1800 2585 identidem

1569 2598 1749 2650 eligendos
