2237 3084
398 221 608 298 vitazs'idoc‘h
633 206 903 312 appellabafiy
912 207 1305 316 Ἰῐζέεψωοῖῖζζᾷ-ΤΟΑΜδξ
1315 208 1650 306 ἓΙζῖΙίὶςΑοξηΞ-ζῑ.
1683 271 1860 309 Rariffimi
1895 231 2011 313 juiem

395 312 550 359 spicuum
596 326 714 362 puto,
756 317 985 352 amovendam
1026 318 1091 354 effe
1131 332 1150 354 a

395 363 612 402 temporibus
628 365 792 402 Lotharii
816 369 860 403 11.
877 367 1022 416 Augusti
1043 369 1150 404 Scho-

393 413 447 449 lae
476 415 700 452 Bononienfis
727 417 898 465 originem
917 445 927 462 ,
964 429 1067 466 atque
1095 433 1149 455 ae-

392 471 501 499 tatem
541 466 664 502 Irnerii
703 467 769 503 five
805 468 1004 509 wernerii,
1044 470 1148 517 primi

391 515 528 563 Legum
567 516 604 551 in
642 518 849 553 Bononienfi
890 519 1054 555 Civitate
1094 520 1145 554 in-

391 566 576 611 terpreti5‚
617 568 709 603 τεᾶς
737 569 901 617 componi
930 583 1007 605 cum
1037 579 1148 605 aetate

391 617 601 652 Comitiffae
639 617 857 662 Mathildis‚
896 620 1077 667 ipsumque
1113 634 1144 655 e-

391 666 478 702 tiam
509 680 566 714 per
594 670 788 717 complures
817 670 930 704 Seculi
955 670 1144 706 Undecimi

391 730 498 752 annos
529 719 672 765 praeesse
714 720 859 765 potuisse
888 721 1031 755 scholae
1058 721 1145 768 apud

389 768 652 814 Bononienses,
692 769 758 806 hoc
795 770 839 805 est
875 770 912 806 in
951 771 1062 820 patria
1090 771 1146 807 sua

388 817 588 854 instirutae.

443 871 531 904 Nam
563 870 654 917 quod
691 871 735 906 est
772 871 811 907 acl
850 872 1059 914 Pande&as‚
1087 872 1144 909 etsi

387 917 479 954 fama
508 930 588 955 ante
617 922 889 970 quadringentos
919 938 1025 959 annos
1058 925 1144 972 apud

388 969 531 1005 Pisanos
569 970 708 1019 vigeat,
749 973 936 1019 pretiosum
975 988 1013 1009 ac
1045 985 1140 1009 vetu-

386 1019 566 1056 stissimum
609 1022 778 1058 Codicem
817 1037 873 1059 eos
910 1025 1138 1073 complefi’ten-

384 1078 478 1107 tem.
508 1071 543 1106 in
574 1071 771 1120 direptione
801 1075 1011 1124 Amalphiae
1036 1077 1144 1110 Anno

383 1122 612 1158 MCXXXV.
641 1137 659 1159 a
690 1124 892 1161 Pisanorum
921 1125 1033 1171 copiis
1061 1125 1141 1161 fuis-

384 1170 417 1207 se
438 1182 635 1218 repertum,
658 1188 696 1209 ac
717 1175 798 1210 inde
824 1175 912 1210 Pisas
933 1176 1141 1225 adveEiumg

383 1222 512 1269 quippe
531 1227 649 1259 Frater
673 1224 864 1270 Raynerius
880 1226 921 1261 de
937 1226 1119 1262 Gracchiis
1132 1255 1141 1270 ‚

381 1272 526 1308 Ordinis
559 1275 862 1319 praedicatorum,
901 1276 938 1311 in
967 1276 1027 1312 suo
1057 1279 1140 1312 Poe-

382 1332 476 1357 mate
505 1324 719 1372 caliginoso,
750 1326 842 1371 quod
871 1327 1037 1376 evulgavi
1066 1330 1141 1364 To-

381 1385 440 1407 mo
465 1376 522 1410 XI.
548 1377 625 1410 Rer.
654 1375 879 1421 Italicarum,
908 1377 1045 1414 disertis
1066 1392 1138 1415 ver-

381 1422 433 1458 bis
462 1424 534 1471 ejus
563 1425 612 1460 rei
642 1427 857 1463 mentionem
889 1428 972 1465 fecit
1001 1429 1143 1466 circiter

379 1475 526 1510 Annum
564 1475 697 1512 Christi
734 1481 956 1516 MCCCXL.
986 1490 1140 1516 attamen

381 1523 457 1559 fieri
495 1525 601 1560 etiam
642 1528 759 1573 potuit
798 1529 921 1576 (quod
959 1532 1141 1567 contendit

380 1572 440 1609 Cl.
483 1576 518 1609 P.
560 1577 760 1625 Grandius)
801 1579 970 1625 ejusmodi
1012 1580 1137 1617 famam

381 1637 451 1658 non
495 1622 544 1659 sat
586 1625 706 1661 solidis
748 1626 983 1666 fundamentis
1019 1632 1140 1667 nixam

381 1672 499 1709 fuiffe.
529 1675 582 1708 Ad
605 1675 687 1711 haec
708 1676 841 1713 etiamsi
861 1680 1040 1724 daremus,
1064 1683 1139 1717 An·

383 1736 429 1758 no
451 1725 679 1759 MCXXXV.
701 1725 858 1761 incidisse
878 1730 913 1762 in
937 1731 1137 1767 Pisanorum

385 1787 506 1809 manus
546 1774 795 1811 Pandefflarum
832 1775 1006 1812 Codicem
1044 1782 1139 1826 (qua

381 1824 424 1859 de
459 1838 495 1859 re
533 1824 626 1861 inter
667 1826 925 1874 praelaudatum
963 1829 1138 1864 Abbatem

382 1875 574 1911 Grandium
604 1877 636 1911 &
675 1878 886 1914 Bernardum
919 1879 1136 1915 Tanuccium

382 1934 466 1961 tunc
513 1926 550 1961 in
588 1927 780 1963 Academia
823 1928 944 1965 Pisana
985 1929 1137 1966 dofflffi-

382 1989 477 2012 mum
515 1977 606 2020 Juris
644 1980 871 2027 Interpretem
907 1980 1138 2016 controverfia

381 2027 569 2075 efferbuit)
598 2028 745 2065 minime
782 2029 862 2066 inde
890 2030 1138 2078 consequitur,

380 2076 595 2114 statuendum
641 2080 708 2115 effe
750 2089 854 2129 atque
896 2081 1101 2117 credendum
1127 2108 1138 2121 ,

381 2128 664 2175 praecedentibus
693 2132 823 2167 Seculis
843 2130 995 2167 Codices
1015 2145 1136 2168 omnes

380 2177 417 2214 &
448 2179 543 2214 usum
585 2181 831 2218 Pandefiarum
871 2182 1004 2231 prorsus
1040 2182 1134 2219 exci-

379 2228 489 2273 disse,
525 2230 616 2267 itaut
648 2233 769 2268 Pisano
795 2232 853 2269 illi
881 2233 986 2269 unico
1013 2233 1133 2270 debea-

380 2293 456 2316 mus
484 2291 596 2318 totam
626 2284 843 2332 Digestorum
879 2284 917 2320 in
953 2284 1056 2320 Italia
1083 2298 1136 2320 re-

380 2331 622 2370 stitutionem.
658 2335 851 2382 Quisquam
889 2335 979 2370 alius
1014 2348 1134 2371 eorum

381 2381 507 2420 Codex
536 2384 733 2433 superfuiffe
753 2386 840 2434 apud
872 2387 979 2421 Italos
999 2385 1137 2433 potuit.

381 2434 430 2469 Et
455 2448 573 2472 revera
612 2436 763 2472 Irnerius
800 2438 905 2485 longe
940 2445 1022 2472 ante
1055 2449 1134 2472 eum

382 2497 509 2521 annum
527 2515 536 2530 ‚
564 2487 639 2535 ipso
667 2487 885 2536 Urfpergensi
913 2487 1019 2527 teste,
1047 2489 1132 2522 Pan-

381 2535 496 2573 deeras
517 2538 695 2575 Bononiae
714 2537 894 2588 discipulis
910 2537 1136 2588 exposuerat„

1259 317 1344 353 faffi
1389 318 1525 355 fuerant
1564 320 1602 355 in
1647 321 1750 357 Italia
1793 324 2012 372 Digestorum

1259 369 1390 417 Libri3
1419 370 1452 404 ὃς
1480 369 1541 417 qui
1570 384 1612 406 ex
1639 371 1730 414 Juris
1759 374 1878 420 peritis
1905 375 2014 411 dicio-

1259 433 1311 454 res
1340 429 1457 459 erant,
1487 431 1598 456 totam
1627 421 1733 457 ferme
1760 422 2013 471 supellefiiilem

1262 471 1437 506 Romanae
1450 471 1744 518 Jurisprudentiae
1761 474 2014 512 constituebant

1258 519 1295 554 in
1324 519 1459 557 Codice
1486 522 1718 565 justinianeo,
1749 525 1933 565 Novellis,
1961 534 2015 562 at-

1259 583 1324 616 que
1345 572 1645 608 Institutionibus.
1671 573 1733 609 Sed
1755 584 1793 609 ut
1814 574 2014 623 intelligas,

1261 622 1314 655 vel
1343 621 1413 668 post
1449 623 1721 659 declinationem
1760 625 1902 672 Imperii
1943 629 2015 661 Ro-

1259 672 1379 715 mani,
1416 673 1449 707 8<
1487 684 1566 708 ante
1603 677 1746 710 Annum
1785 677 2012 713 MCXXXV.

1258 734 1328 767 quo
1367 724 1641 772 Amalphitanus
1687 725 1808 761 Codex
1859 736 2013 774 repertus

1259 770 1355 807 fuisse
1383 774 1558 814 traditur,
1595 775 1658 810 alii
1696 775 1733 810 in
1770 776 1874 811 Italia
1910 777 2015 812 habe·

1257 833 1376 858 rentur
1414 824 1661 861 PandeStarum
1700 825 1825 870 Libri,
1868 840 1909 861 cn
1946 827 2015 864 tibi

1257 874 1454 917 exemplum
1483 902 1492 917 ‚
1534 889 1604 922 quo
1646 876 1863 916 evincatur,
1906 879 2014 913 Anno

1260 924 1440 960 DCCLII.
1478 927 1620 961 Italicos
1662 927 1770 971 illos,
1812 927 1874 974 qui
1917 930 2013 976 Lege

1258 973 1414 1009 Romani
1454 976 1622 1011 vivebant
1659 976 1877 1024 (cujusmodi
1920 977 2013 1014 fuere

1256 1022 1411 1064 Clerici,
1439 1026 1471 1060 8<
1494 1026 1664 1074 Monachi
1693 1028 1874 1075 plerique)
1905 1028 2015 1075 Dige-

1255 1073 1378 1108 storum
1401 1075 1647 1110 aufiloritatem
1669 1077 1860 1111 adhibuisse
1883 1076 1920 1111 in
1942 1077 2010 1114 suis

1255 1124 1517 1159 controverfiis.
1539 1126 1636 1160 Hinc
1655 1125 1761 1160 etiam
1781 1126 1919 1169 videas,
1942 1128 2013 1162 Bo-

1204 1176 1211 1183 *
1255 1174 1435 1209 nonienses
1456 1174 1603 1210 minime
1622 1175 1827 1224 exspeffiaffe
1848 1176 2011 1214 Pisanum

1256 1224 1503 1261 Pandessarum
1542 1226 1710 1262 Codicem
1741 1227 2009 1275 Amalphitanis

1254 1286 1436 1324 ereptum,
1476 1276 1529 1313 uti
1566 1287 1699 1325 praeter
1735 1287 1789 1313 tot
1826 1279 1914 1314 alios
1953 1280 2012 1316 Cl.

1255 1329 1296 1361 V.
1326 1327 1500 1363 Henricus
1528 1329 1786 1365 Brencmannus
1814 1328 1851 1364 in
1880 1329 2013 1366 Hist0r0

1254 1378 1452 1414 Pandefflr.
1480 1379 1638 1426 Trajec‘sti
1666 1380 1707 1415 ad
1737 1380 1897 1415 Rhenum
1932 1382 2010 1415 An-

1250 1441 1296 1463 no
1325 1431 1587 1465 MDCCXXH.
1615 1431 1710 1479 typis
1737 1431 1830 1466 edita
1854 1430 2012 1474 censuit,

1251 1492 1321 1524 quo
1361 1479 1402 1514 ad
1443 1480 1663 1516 illustrandos
1704 1480 1742 1516 &
1783 1481 2010 1528 explicandos

1254 1529 1469 1577 Digestorum
1499 1531 1628 1566 Libros
1665 1541 1866 1566 uterentur.
1904 1534 2012 1578 Frag-

1253 1590 1408 1616 mentum
1437 1591 1575 1621 autem,
1613 1581 1705 1629 quod
1734 1581 1812 1616 heic
1848 1581 1920 1616 sum
1949 1581 2010 1616 da-

1252 1641 1376 1675 turus,
1412 1645 1486 1678 pars
1522 1631 1568 1666 est
1595 1630 1826 1680 Apologetici
1862 1644 1880 1666 a
1916 1631 2010 1674 Iuri-

1254 1681 1426 1717 {consulto
1453 1695 1572 1717 eorum
1601 1693 1798 1730 temporum
1819 1682 2011 1717 concinna-

1255 1731 1281 1765 ti
1309 1744 1371 1778 pro
1398 1732 1572 1779 Episcopo
1600 1733 1770 1767 Arretino
1798 1742 1920 1767 contra
1948 1735 2008 1766 Se-

1255 1780 1415 1821 nensem,
1441 1782 1487 1816 ob
1508 1780 1809 1815 celebratiffimam
1832 1781 1932 1815 litem
1954 1782 2011 1816 in-

1253 1839 1305 1864 ter
1331 1843 1389 1863 eos
1416 1830 1586 1874 agitatam
1607 1829 1648 1862 de
1677 1829 1851 1864 paroeciis
1871 1830 2011 1877 aliquot

1253 1876 1480 1912 controverfis
1490 1903 1499 1912 .
1510 1876 1718 1913 Membrana
1729 1879 1855 1915 mutila
1867 1880 1899 1914 8<
1914 1881 2010 1927 prin-

1253 1927 1348 1972 cipio
1375 1940 1514 1967 carens,
1546 1928 1636 1964 unde
1671 1928 1737 1964 hoc
1773 1929 2008 1972 fragmentum

1252 1977 1430 2025 descripsi,
1457 1977 1655 2014 adservatur
1681 1979 1718 2014 in
1739 1980 1852 2015 nobili
1875 1980 2007 2016 Archi-

1253 2042 1298 2063 vo
1339 2028 1499 2076 Capituli
1535 2027 1800 2065 canonicorum
1843 2031 2006 2080 Arretii;

1251 2080 1284 2114 ὃ(
1310 2079 1354 2114 est
1381 2078 1636 2128 apographum,
1665 2091 1834 2128 quantum
1862 2082 2006 2129 quidem

1253 2129 1342 2165 mihi
1370 2129 1574 2174 videbatur,
1611 2140 1690 2166 ante
1717 2130 1917 2176 sexcentos,
1946 2140 2006 2168 aut

1252 2180 1487 2229 septingentos
1527 2194 1634 2217 annos
1673 2191 1882 2218 exaratum.
1931 2184 2006 2218 Cur

1253 2233 1333 2266 verb
1374 2231 1540 2267 Chartam
1587 2231 1737 2280 speE’tare
1775 2234 1816 2268 ad
1856 2235 2004 2268 Annum

1251 2281 1379 2317 Christi
1409 2284 1590 2318 DCCLH.
1619 2283 1766 2320 fidenter
1792 2284 1973 2319 asseverem
1991 2306 2004 2323 ‚

1250 2332 1321 2379 ipse
1356 2333 1486 2369 LeFtor
1522 2333 1723 2382 intelliget,
1761 2334 1781 2369 fi
1811 2334 1903 2369 Agla
1930 2333 2006 2381 eju-

1251 2383 1342 2419 sdem
1388 2384 1639 2419 controversiae
1681 2384 1870 2428 scrutetur,
1915 2397 2005 2431 quae

1250 2435 1287 2469 in
1316 2433 1564 2470 Differtatione
1591 2438 1758 2471 LXXIV.
1777 2436 1815 2469 de
1843 2434 2005 2469 parochiis

1251 2498 1455 2532 congeram,
1497 2486 1556 2521 ubi
1596 2486 1761 2532 Stephani
1804 2485 1848 2521 11.
1892 2487 2005 2528 Papae

1250 2537 1354 2572 Bulla
1378 2539 1488 2573 Anno
1515 2537 1636 2573 eodem
1664 2537 1744 2573 data
1774 2535 1893 2573 innuit
1907 2539 2005 2620 ἔφη·

1940 2597 1954 2619 ι
