2237 3084
258 192 317 247 ‘3³
450 185 815 232 nissam-Ario
849 179 1585 241 ,QUADRAGESIMAQUARTAE
1721 202 1774 244 μ

203 247 242 287 in
262 260 337 284 eam
360 245 565 295 opinionem
590 245 771 293 compellit
788 243 872 278 Vita
900 242 962 277 Al-
996 241 1032 275 A
1068 253 1158 275 nunc
1201 240 1301 275 nobis
1344 242 1530 283 ingerenda
1570 244 1614 277 est
1663 251 1831 282 ment1o;

204 299 294 334 drici
322 295 483 347 Episcopi
511 289 800 335 Cenomanensis,
828 292 922 327 edita
942 300 963 326 'a

206 350 356 386 Baluzio
402 351 509 384 Tom.
550 359 583 392 3.
626 342 935 378 Miscellaneorum
954 368 963 376 .

206 399 347 436 floruit
387 399 450 434 ille
489 395 612 430 Seculo
653 393 780 428 Christi
831 395 963 435 Nono,

205 450 401 498 imperante
427 444 614 481 Ludovico
644 443 733 478 Pio.
774 446 818 478 Et
855 456 963 490 quum

203 494 436 536 controversia
466 493 613 529 ferveret
639 493 863 542 interipsum
889 496 962 527 An-

205 549 374 585 tistitem.
413 543 449 580 &
488 543 747 592 sigismundum
789 545 963 579 Abbatem

205 595 321 633 eaussss⁴
342 594 547 630 Monasterii
571 593 762 636 Anisolae‚
782 594 876 629 inter
898 597 965 630 Le-

202 659 283 696 ges.
313 659 395 694 quas
424 645 495 693 ipse
520 644 712 693 Episcopus
741 658 802 692 pro
831 644 862 680 se
890 647 962 680 lau-

203 748 243 783 de
269 746 379 793 effitflu
406 747 626 786 sententiarum
644 773 653 790 ‚
692 747 735 780 (9⁴
764 746 890 790 finibus
924 747 967 781 li-

204 798 307 841 tium,
335 797 433 831 Pauli
455 797 681 841 sententiarum
706 798 778 832 Lib.
809 800 844 831 V.
874 796 968 832 Infra

200 849 312 884 ‚etiam
345 840 584 883 membrantur
611 848 715 882 verba
747 847 846 882 Pauli
884 848 967 884 Lib.

207 899 236 933 1.
264 898 520 933 Sententiarum
543 898 620 934 Tit.
649 900 710 933 IX.
738 897 804 933 Ivo
829 911 968 945 quoque

207 947 430 984 Carnotensls
458 947 648 997 Episcopus
677 958 757 984 ante
779 949 967 994 Amalphi-

209 1008 326 1034 tanam
355 999 588 1046 direptionem
620 1001 731 1046 Leges
759 998 921 1046 quasdam
951 1013 969 1035 e

208 1048 361 1097 Digestis
388 1050 515 1097 petitas
542 1049 728 1084 laudavit.
756 1050 854 1084 Aliis
882 1063 967 1096 quo-

209 1112 277 1146 que
304 1099 393 1133 hanc
419 1097 529 1141 ipsam
569 1099 753 1134 veritatem
784 1100 970 1136 confirma-

208 1157 292 1184 runt
334 1148 574 1195 praelaudatus
620 1151 654 1184 P.
696 1141 896 1190 Gratidius,
937 1152 995 1190 8(Ἰ

209 1196 353 1233 Clariss.
376 1200 419 1232 V.
443 1198 630 1243 Virginius
645 1199 869 1235 Valsecchius
889 1203 970 1236 Μο-

210 1247 341 1284 nachus
370 1247 642 1288 Benedietinus,
679 1248 716 1284 ὅ(
755 1249 826 1294 ipse
856 1250 973 1286 Pisani

209 1298 343 1345 Lycaei
370 1310 614 1335 ornamentum
643 1300 680 1335 in
703 1300 857 1347 Epistola
878 1302 973 1337 edita

209 1351 248 1384 de
277 1349 436 1384 Veteribus
465 1350 602 1393 Pisanae
629 1351 788 1385 Civitatis
812 1353 973 1394 Constitu-

208 1399 344 1434 tionibus
355 1413 376 1442 ‚·
402 1399 452 1435 ita
474 1409 512 1435 ut
541 1399 688 1436 fidenter
708 1401 880 1438 affirmare
903 1404 972 1451 jam

211 1449 357 1496 quisque
383 1449 507 1497 poffit,
531 1463 605 1489 ‚non
629 1451 835 1498 exspeS’tasse
858 1455 973 1489 Bono-

210 1499 373 1546 nienses,
396 1510 434 1535 ut
455 1500 552 1547 supra
574 1501 754 1538 innuimus
769 1530 779 1546 ,
810 1503 972 1540 Pisanum

211 1550 461 1586 Pande6larum
483 1551 652 1587 codicem
667 1577 676 1591 ,
705 1554 975 1601 Amalphitanis

209 1610 366 1647 ereptum
384 1628 394 1645 ‚
422 1601 463 1636 ad
500 1601 723 1639 illustrandos
751 1605 972 1654 Digestorum
995 1611 1042 1644 ;Ῑ)

209 1651 362 1689 Libros.

262 1703 363 1736 Hanc
405 1716 488 1746 ergo
536 1703 672 1738 laudem
717 1704 865 1750 primam
910 1704 972 1739 fibi

210 1751 413 1797 procuravit
442 1752 668 1786 Bononienfis
691 1754 837 1793 ,Civitas
867 1757 969 1789 Secu-

210 1800 247 1835 lo
279 1799 500 1837 Undecimo,
539 1813 663 1847 nempe
696 1803 857 1838 scholam
901 1807 970 1839 Ro-

209 1849 304 1884 mani
332 1848 423 1892 Juris
451 1848 618 1883 illustrem
645 1851 801 1895 aperire,
830 1855 969 1899 qualem

209 1907 343 1934 ceterae
384 1908 484 1933 antea
527 1911 705 1947 nunquam
749 1900 971 1939 habuerant.

209 1950 270 1984 An
299 1948 395 1983 aliud
434 1948 625 1996 quidquam
665 1950 847 1999 discipulis
884 1952 971 1988 illuc

209 2012 248 2035 ea
276 1998 318 2034 de
345 1999 456 2034 caussa
494 1998 752 2036 confluentibus
790 2011 874 2038 tunc
911 2017 970 2038 ex-

207 2049 424 2098 plicaretur,
461 2063 503 2085 ex
545 2061 854 2088 monumentorum
892 2053 970 2088 ino·
994 2051 1039 2091 1Ε

207 2113 266 2148 pia
311 2100 492 2135 decernere
529 2114 632 2136 nemo
670 2102 792 2150 poffit.
822 2109 971 2150 Anony-

206 2162 284 2186 mus
313 2152 417 2186 Poeta
449 2152 722 2188 Novocomensis
753 2164 970 2190 tantummo-

208 2201 255 2236 do
295 2202 341 2236 ob
377 2201 598 2237 restauratum
637 2207 756 2244 Legum
797 2205 972 2249 studium,

207 2251 347 2287 doffiam
387 2253 419 2286 8<
459 2253 626 2288 celebrem
671 2255 868 2290 Bononiam
912 2269 970 2294 ao-

209 2303 340 2349 pellat.
368 2304 414 2337 Et
441 2302 507 2338 hoc
535 2304 675 2349 quidem
701 2319 718 2340 a
743 2306 970 2342 Bononiensi-

209 2352 272 2388 bus
300 2355 411 2388 multa
440 2367 517 2388 cum
547 2356 647 2390 laude
675 2358 819 2392 Saeculo
851 2357 970 2392 Unde-

209 2401 307 2438 timo
335 2404 534 2445 veratium.
572 2406 636 2440 Sed
673 2407 785 2442 altero
821 2409 973 2451 seculo,

210 2449 277 2486 hoe
312 2454 379 2494 est,
417 2455 639 2491 Duodecimo
674 2457 791 2492 eadem
830 2458 972 2494 Civitas

215 2511 345 2536 novum
376 2505 478 2540 decus
514 2505 576 2541 fibi
613 2509 838 2555 procuravit,
874 2509 974 2558 cujus

311 2554 400 2587 Tom.
428 2556 488 2587 IX.

1068 289 1247 325 mesenus
1276 290 1315 325 ad
1344 291 1435 333 Iuris
1474 292 1607 327 Civilis
1646 294 1832 332 scientiam

1068 341 1323 388 propagandam
1339 340 1544 376 incubuerat
1558 344 1831 382 Bononiensium

1068 404 1148 425 cura
1176 404 1214 425 ac
1242 391 1405 426 industria
1423 417 1431 426 .
1472 394 1500 426 E
1531 393 1668 436 publica
1695 408 1733 429 re
1758 396 1831 442 post

1068 441 1207 488 aliquot
1234 455 1341 476 annos
1370 441 1481 476 visum
1504 442 1571 481 est,
1600 445 1832 480 excolendum

1068 505 1208 539 quoque
1236 492 1273 527 in
1300 492 1433 526 Scholis
1464 506 1654 539 proponere
1680 496 1737 538 Jus
1763 497 1837 531 Ca-

1069 543 1257 576 nonicum.
1286 542 1476 577 scientiam
1520 544 1676 591 profe5³co
1713 547 1834 580 Cano-

1069 605 1151 627 num
1175 591 1324 627 Ecclesia
1355 604 1521 640 perpetuo
1541 596 1684 642 optavit
1712 595 1748 630 in
1774 598 1834 631 Sao

1043 670 1045 686 ,Ι
1069 643 1294 681 cerdotibus,
1323 656 1362 678 ac
1391 643 1590 690 praesertim
1620 646 1658 680 in
1687 644 1833 693 Episco-

204 697 331 736 davit,
377 695 596 731 recensentur
636 697 772 743 quinque
812 696 967 739 capitula
1003 693 1045 727 B}

1070 693 1144 741 pis,
1172 706 1278 740 quum
1304 694 1344 728 ad
1370 707 1488 729 eorum
1520 709 1675 730 normam
1699 697 1731 731 δι
1756 709 1834 731 mo-

1068 757 1141 783 res,
1169 745 1202 778 &
1240 744 1395 792 regimen
1437 743 1564 784 Cleri,
1601 748 1633 780 8<
1672 746 1831 795 judicia,

1070 808 1140 830 uno
1168 795 1274 829 verbo
1303 794 1461 830 universa
1484 796 1655 832 Ecclesiae
1685 797 1834 844 politia,

1070 844 1318 882 conformanda
1340 845 1476 881 forent.
1505 848 1552 881 Et
1574 848 1669 882 nulla
1691 849 1835 895 quiderm

1069 908 1144 933 erat
1170 897 1258 932 olim
1288 896 1511 933 Cathedralis
1539 897 1714 939 Ecclesia,
1752 899 1834 933 nul-1

1070 949 1142 983 lum
1166 947 1285 983 saltem
1308 962 1350 984 ex
1375 947 1566 998 insignibus
1588 948 1834 994 Monasteriis,

1071 999 1129 1033 ubi
1167 1012 1237 1034 non
1275 999 1461 1035 haberetur
1494 999 1679 1036 ColleE‘tio
1716 1001 1836 1048 aliqua

1071 1051 1278 1085 canonum.
1309 1052 1432 1086 Parum
1463 1049 1599 1086 fortasse
1627 1052 1664 1086 in
1688 1052 1836 1099 reliquis

1071 1100 1207 1134 Literis
1243 1113 1282 1135 ac
1320 1101 1518 1149 disciplinis
1560 1103 1695 1138 exculti
1737 1111 1840 1138 erant:

1072 1149 1323 1196 Episcoporum
1337 1150 1374 1186 &
1387 1152 1611 1188 sacerdotum
1632 1153 1807 1201 praecipui
1820 1164 1835 1202 3

1072 1208 1108 1234 at
1135 1199 1163 1234 ii
1191 1200 1311 1235 saltem
1344 1200 1535 1238 Canonum
1573 1203 1720 1238 studium
1751 1203 1837 1239 reti-

1072 1262 1152 1284 nere
1180 1250 1454 1287 consueverunt:
1494 1255 1588 1300 quod
1628 1253 1705 1289 sane
1743 1254 1837 1289 mul-

1074 1309 1149 1335 tum
1179 1301 1334 1336 contulit
1362 1303 1402 1336 ad
1431 1302 1632 1339 servandam
1676 1305 1835 1340 illaesam

1072 1350 1296 1399 ignorantiae
1324 1353 1540 1399 temporibus
1569 1355 1689 1390 Fidem
1715 1355 1840 1390 ortho-

1073 1401 1226 1444 doxam,
1268 1402 1541 1446 Traditionem‚
1585 1417 1623 1439 ac
1668 1405 1841 1453 Discipli-

1072 1465 1174 1487 nam.
1204 1454 1257 1487 Ex
1296 1452 1388 1488 hisce
1427 1452 1623 1490 Codicibus
1662 1455 1775 1490 MStis
1803 1456 1839 1490 δε

1074 1502 1215 1537 vetustis
1257 1503 1365 1538 multi
1407 1505 1518 1539 adhuc
1563 1504 1761 1549 supersunt,
1802 1506 1839 1540 δε

1074 1554 1265 1600 plerunque
1290 1566 1388 1599 ‚unus
1425 1554 1474 1587 ab*
1505 1555 1616 1588 altero
1653 1554 1840 1594 diversus,

1073 1603 1166 1650 quod
1224 1601 1366 1636 subinde
1416 1604 1626 1638 recentiores
1679 1603 1839 1651 antiquis

1073 1651 1360 1687 Colleffionibus
1381 1664 1472 1687 nova
1487 1676 1497 1691 ,
1526 1663 1585 1687 aut
1614 1655 1655 1687 ab
1677 1655 1757 1688 aliis
1778 1667 1842 1688 ne-

1073 1701 1187 1749 glefila
1216 1701 1466 1748 adjungerent.
1505 1701 1724 1737 Potiffimiim
1755 1707 1839 1739 vero

1073 1751 1229 1787 invaluit
1257 1749 1377 1784 Isidori
1417 1749 1630 1787 Mercatoris
1669 1754 1838 1801 Sylloge,

1073 1813 1160 1846 quae
1188 1811 1400 1846 quamquam
1439 1802 1565 1846 spuriis
1601 1804 1773 1839 mercibus
1801 1818 1839 1839 a-

1073 1849 1227 1893 bundet,
1255 1859 1410 1885 attamen
1439 1852 1500 1887 vix
1529 1853 1623 1888 edita
1651 1867 1778 1903 magno
1802 1854 1840 1890 in·

1073 1900 1206 1935 honore
1235 1900 1435 1948 praesertim
1474 1904 1562 1948 apud
1603 1905 1710 1940 Italos
1749 1904 1840 1941 fuit.

1073 1953 1120 1985 Et
1161 1951 1204 1985 ad
1248 1950 1446 1999 hujusmodi
1489 1954 1631 2000 quidem
1678 1957 1841 1991 Canones

1075 2001 1320 2049 colligendos,
1365 2002 1402 2040 &
1432 2003 1553 2051 aliquo
1581 2006 1686 2040 etiam
1716 2007 1840 2042 ordme

1075 2052 1278 2091 donandos,
1315 2062 1355 2088 ut
1391 2055 1607 2102 antiquiores
1643 2056 1840 2096 omittam.

1076 2103 1112 2138 in
1142 2103 1332 2138 Germania
1362 2106 1497 2152 Regino
1527 2107 1666 2146 Alfius,
1695 2109 1726 2142 ἃ
1755 2109 1840 2143 Bur-

1075 2153 1221 2189 chardus
1250 2155 1515 2191 wormatienfis
1554 2157 1745 2200 Episcopus
1783 2157 1841 2193 iu-

1077 2203 1262 2248 fudarunt,
1292 2207 1344 2240 uti
1375 2205 1411 2241 ἃ
1440 2207 1475 2241 in
1517 2208 1619 2242 Italia
1653 2208 1840 2244 Anselmus

1076 2254 1239 2290 Lucenfis
1279 2257 1470 2302 Episcopus
1499 2257 1545 2300 (fi
1575 2268 1691 2293 tamen
1730 2258 1758 2293 is
1787 2272 1840 2294 re-

1076 2318 1156 2340 vera
1185 2305 1306 2341 anfion·
1342 2307 1387 2342 est
1423 2307 1661 2344 Colltfhonis
1700 2308 1736 2344 in
1765 2311 1839 2344 Co-

1074 2356 1152 2391 dice
1184 2359 1342 2392 Romano
1364 2358 1606 2407 conscriptae)
1628 2361 1657 2394 8<
1686 2359 1836 2394 Deusde-

1074 2406 1128 2441 dit
1164 2408 1365 2443 cardinalis
1407 2409 1549 2444 circiter
1597 2414 1733 2445 Annum
1772 2410 1834 2442 M-

1074 2459 1296 2493 LXXXVII.
1319 2458 1353 2494 &
1377 2459 1411 2492 in
1429 2460 1547 2494 Gallia
1569 2460 1704 2495 felicius
1727 2458 1831 2503 quam

1074 2509 1204 2553 reliqui
1242 2510 1480 2557 praecedentes
1517 2513 1582 2546 lvo
1610 2506 1849 2545 carnotenfis‘

1148 2557 1184 2595 C
1632 2559 1660 2592 E
1664 2556 1779 2606 pisco—
