2237 3084
197 242 292 318 τεῦξε
316 242 357 318 ‹7¹3c
386 280 603 329 requirebat,
631 281 686 317 sua
715 282 788 328 jura
815 279 949 314 absolu-

195 333 304 369 tionis
332 333 444 369 audiri
472 332 616 368 debere.
656 332 758 367 Nihil
795 330 828 364 ei
857 330 949 364 Vale-

197 383 279 419 bant
306 384 380 432 jura
407 383 501 432 ejus,
528 396 591 418 nec
620 384 803 417 valuerunt
821 406 831 422 ‚
869 377 951 424 quia

195 444 353 481 portatus
391 433 489 482 super
525 433 707 470 cathedra,
743 429 846 464 illico
885 427 953 462 fuit

196 484 433 533 decapitatus.
461 484 535 529 Qui
573 483 593 517 fi
624 480 762 516 stetiffet
796 479 835 513 in
863 479 946 512 dile-

197 534 315 570 &ione
353 533 457 581 ipsius
498 531 676 569 Federici,
715 542 784 564 non
821 527 864 563 fic
902 527 947 563 fa-

195 584 290 620 &cum
320 583 409 618 foret
435 583 476 617 de
503 596 570 616 eo.
598 583 713 617 lmmo
743 579 850 615 faetus
879 587 952 614 erat

195 635 236 668 de
264 633 400 668 familia
426 632 514 667 diffi
543 631 692 666 Domini
732 629 951 665 Patriarchae

195 683 328 719 duobus
355 682 474 718 diebus
503 692 603 722 ante,
632 682 759 717 habens
787 681 859 727 ejus
887 680 948 716 Li—

197 744 285 769 teras
313 732 589 768 familiaritatis.
619 735 662 768 Et
691 733 898 767 detruncato
919 729 952 765 ei

195 784 330 830 capite,
359 785 451 819 ultra
479 783 600 819 horam
628 782 723 818 stetit
759 782 798 816 in
834 780 953 827 capsa.

196 836 313 880 Quare
358 834 534 870 Dominus
587 832 787 870 Parriarcha
829 831 953 867 habere

195 886 313 920 voluit
340 887 382 921 ab
410 887 532 921 eodem
566 899 627 933 pro
655 882 800 919 incertis
827 881 953 919 Libras

196 936 298 971 mille
326 935 549 975 Solidorum,
585 950 668 983 quas
697 933 840 969 habuit.
879 932 954 968 Post

197 985 281 1020 haec
310 986 392 1021 dum
424 987 597 1022 Dominus
637 984 838 1022 patriarcha
873 983 955 1018 effet

196 1035 234 1071 in
266 1036 404 1078 coenis,
443 1036 537 1072 mrsu:
571 1037 609 1072 in
648 1036 810 1073 Civitate
845 1032 956 1070 Utini

197 1099 261 1134 pro
289 1086 438 1130 quodam
472 1089 657 1122 Advocato
677 1087 813 1125 divite,
840 1085 954 1120 nomi-

198 1149 242 1171 ne
272 1138 442 1172 Nicolaus
473 1138 641 1176 Manini,
671 1137 732 1182 qui
761 1145 858 1170 totus
885 1142 958 1170 erat

195 1186 344 1220 intimus
366 1187 520 1225 amicus,
550 1187 720 1225 servitor,
748 1184 786 1220 &
810 1185 959 1220 dilectus

197 1235 348 1269 Domini
380 1235 558 1271 Federici.
587 1237 662 1281 Qui
700 1235 816 1270 subito
844 1234 957 1270 ascen-

197 1285 280 1319 dens
306 1284 462 1319 Castrum
489 1285 562 1320 ivit
581 1287 621 1321 ad
651 1285 880 1334 praesentiam
906 1286 958 1332 ip-

197 1334 261 1369 sius
300 1335 472 1382 Domini,
513 1334 550 1372 ἃ
594 1335 637 1372 fic
681 1335 775 1384 juffit
815 1334 960 1372 retineri

198 1398 299 1423 eum,
329 1385 506 1433 usquequo
535 1388 725 1422 coenasset.
769 1387 895 1422 Exivit
923 1400 958 1422 u-

198 1448 284 1474 nus,
319 1437 352 1470 &
395 1437 495 1472 venit
535 1436 573 1472 in
618 1439 802 1478 Plateam,
844 1437 961 1473 dicens

201 1486 359 1533 Populo:
399 1487 549 1522 Ncolaus
587 1489 724 1523 Manim‘
759 1498 895 1522 retentus
922 1488 963 1528 ιβ

198 1547 253 1580 per
282 1537 450 1571 Dominum
489 1549 685 1574 carceratus.
723 1540 804 1574 Hoc
840 1539 962 1574 audito

199 1595 296 1621 totus
347 1588 499 1634 Populus
541 1588 724 1625 astendens
766 1590 924 1626 Castrum
953 1617 962 1634 ,

198 1636 376 1685 petierunt
402 1638 612 1676 Nicolaum.
637 1653 755 1676 eorum
782 1641 936 1675 vicinum
953 1666 961 1678 ,

198 1686 261 1723 fibi
289 1687 385 1724 dari.
415 1691 480 1724 Pro
501 1704 571 1738 quo
601 1690 822 1727 securitatem
851 1691 962 1726 facere

198 1736 445 1782 intendentes,
487 1739 510 1773 {i
547 1740 630 1786 quid
673 1740 828 1779 fecerat,
869 1741 960 1787 quod

198 1787 311 1835 ipsum
341 1800 420 1822 cum
446 1789 608 1824 terminis
629 1789 752 1825 ducere
773 1791 961 1839 deberent3

200 1837 285 1884 quia
307 1851 378 1872 non
407 1848 481 1873 erat
507 1839 584 1874 usus
607 1842 843 1876 Dominorum
866 1855 956 1889 prae-

199 1887 410 1928 teritorum,
438 1887 482 1924 fic
506 1889 613 1925 Cives
635 1903 778 1936 capere,
805 1893 838 1925 &
869 1892 960 1938 quod

197 1937 368 1973 nolebant
406 1938 472 1973 hoc
499 1939 548 1974 eis
585 1940 777 1976 innovari.
807 1941 961 1987 Visoque

199 1986 316 2022 furore
343 1988 491 2025 Civium
527 1991 701 2026 Dominus
739 1991 852 2038 ipsum
894 1994 959 2029 Ni-

200 2040 339 2073 colaum
368 2039 418 2074 eis
445 2040 565 2080 dedit,
593 2040 631 2077 &
660 2042 776 2078 subito
803 2043 845 2078 de
871 2045 958 2079 Ter—

199 2102 239 2124 ra
265 2088 400 2125 receffit
430 2103 508 2125 cum
549 2102 698 2139 quatuor
735 2092 837 2129 sociis
874 2093 957 2130 furi·

205 2139 318 2175 bunde
345 2141 379 2174 δι
407 2154 487 2176 cum
525 2141 659 2189 iniquis
688 2144 803 2178 verbis
841 2154 961 2179 contra

202 2188 331 2223 Cives.
360 2191 395 2224 &
428 2191 500 2227 ivit
529 2201 612 2228 tunc
638 2193 675 2228 in
701 2194 962 2243 Suffumbergo.

205 2287 215 2296 .
257 2238 334 2273 Post
371 2240 452 2276 haec
488 2242 539 2278 ira
577 2244 689 2290 major
721 2246 834 2280 crevit
870 2245 963 2281 inter

202 2287 315 2336 ipsum
345 2288 380 2325 ἃ
407 2292 535 2328 Cives.
564 2295 690 2330 Adhuc
718 2295 768 2332 sui
797 2296 960 2332 Restores

201 2340 389 2387 regebant,
416 2340 453 2377 ἃ
486 2345 660 2381 Dominus
697 2347 879 2384 federicus
908 2362 959 2384 re·

202 2389 347 2435 qu1fitus
379 2406 438 2438 per
467 2394 651 2442 Populares
680 2398 780 2434 venit
810 2399 848 2434 in
877 2399 959 2435 Uti-

203 2451 270 2474 no.
297 2440 372 2486 Qui
399 2443 561 2481 affum‘us
589 2446 634 2482 est
661 2461 721 2488 ner
746 2463 868 2486 omnes
895 2450 957 2486 Ci-

203 2502 287 2534 ves,
317 2503 355 2526 ac
383 2493 402 2526 fi
433 2497 523 2530 Deus
549 2498 714 2539 venisset,
745 2500 840 2535 salvo
866 2501 959 2548 quod

207 2541 320 2585 aliqui
348 2549 504 2579 tenentes
531 2557 664 2591 partem
692 2551 844 2585 Domini
863 2560 961 2587 erant

206 2590 243 2626 in
271 2593 401 2629 Terra.
438 2594 502 2629 Sed
538 2595 684 2638 omnia,
721 2608 761 2635 ut
797 2613 962 2648 apparue-

577 221 791 265 Βωιῑῑ
834 214 1438 274 FofloyoLfflNSrS.

991 280 1039 313 Α(
1066 282 1170 310 runt,
1206 271 1396 306 describere
1432 273 1575 318 longum
1614 233 1718 310 effe?
1760 273 1825 310 Sed

1036 313 1040 348 Ι
1065 322 1274 359 adveniente
1297 320 1548 367 carnisprivio,
1569 324 1606 357 in
1623 325 1727 360 domo
1751 327 1826 360 Do-

1068 373 1155 409 mini
1183 372 1339 408 Federici
1361 381 1434 407 erat
1455 383 1618 417 magnum
1640 373 1826 412 solatium.

1067 423 1322 460 Choreizantes
1350 423 1384 458 &
1418 423 1559 469 juven'es
1597 423 1701 458 Utim'
1732 426 1828 460 ordi-

1068 486 1241 510 naverunt
1272 474 1494 509 hastiludium
1532 472 1570 508 in
1603 473 1711 509 Terra
1741 475 1828 511 Uti-

1069 527 1127 561 ni.
1156 528 1201 561 Et
1229 526 1265 561 in
1294 524 1366 572 ipsa
1395 526 1505 560 Terra
1529 535 1698 559 venerunt
1726 528 1830 561 Sene-

1071 577 1198 612 scalcus
1248 576 1395 612 Domini
1445 574 1663 612 patriarchae
1716 577 1829 612 Bohe-

1040 630 1043 685 j
1071 641 1145 662 mus
1175 627 1313 668 Miles,
1351 626 1624 674 consanguineus
1655 626 1830 662 Dominae

1040 694 1042 722 g
1070 677 1311 717 Elisabethae,
1351 678 1576 716 Franciscus,
1605 676 1642 713 &
1672 678 1832 712 Andreas

997 724 1042 761 ΒῘ
1070 728 1217 768 fratres,
1255 728 1322 764 filii
1354 729 1628 776 Nascinguerrae
1656 727 1697 763 de
1725 728 1832 763 Civi-

1070 788 1166 822 tate,
1203 779 1379 815 Henricus
1417 780 1527 815 Bleon
1565 779 1741 827 quondam
1772 780 1831 813 Ser

1072 830 1167 866 Petri
1194 831 1235 865 de
1263 833 1446 879 Faganea‚
1485 840 1569 866 tunc
1596 829 1831 866 Marescalcus

1069 880 1158 916 dieti
1186 881 1336 916 Domini
1375 880 1622 925 patriarchae,
1661 891 1700 916 ut
1735 880 1833 915 dice-

1071 933 1196 974 batur,
1231 931 1368 971 ’ᾗς-δὼς,
1405 933 1439 966 8(
1477 932 1620 978 quidam
1662 931 1831 967 Marchus

1071 981 1112 1016 de
1141 985 1297 1030 Faganea
1326 995 1403 1017 curn
1432 995 1552 1017 eorum
1591 982 1755 1021 famulis,
1791 995 1833 1016 0-

1070 1031 1258 1068 stendentes
1296 1032 1328 1068 se
1366 1032 1481 1068 caussa
1517 1032 1588 1068 festi
1617 1035 1648 1067 ὅ(
1689 1031 1833 1066 hastilu-

1070 1082 1144 1126 dii,
1182 1084 1243 1130 qui
1280 1084 1503 1119 intraverunt
1531 1086 1572 1118 ad
1602 1083 1761 1118 choream
1791 1081 1831 1117 in

1069 1132 1175 1168 domo
1203 1133 1305 1182 ipsius
1336 1134 1484 1170 Domini
1523 1132 1701 1169 federici.
1730 1134 1831 1177 Quos

1070 1181 1208 1231 surgens
1237 1199 1255 1220 a
1284 1185 1423 1220 scamno
1451 1187 1622 1220 laetanter
1658 1182 1832 1230 suscepit,

1069 1234 1101 1267 &
1141 1236 1179 1268 in
1216 1248 1333 1270 eorum
1373 1236 1499 1270 recessu
1537 1249 1594 1271 eos
1637 1233 1750 1269 secum
1792 1233 1833 1267 in.

1070 1295 1178 1318 coena
1206 1285 1322 1320 voluit
1349 1285 1495 1328 stetiss'e,
1523 1286 1555 1319 &
1584 1285 1633 1319 eis
1661 1284 1833 1320 honorem

1071 1332 1223 1373 intulit,
1251 1348 1397 1382 rogans,
1436 1343 1474 1370 ut
1511 1334 1547 1370 in
1577 1334 1722 1370 crastino
1752 1345 1833 1369 cum

1071 1397 1112 1419 eo
1149 1384 1254 1420 essent
1291 1387 1328 1420 in
1372 1384 1539 1433 prandio.
1583 1384 1646 1433 lpfi
1689 1383 1834 1421 obtenta

1073 1435 1216 1470 licentia
1253 1436 1483 1471 recefferunt.
1523 1438 1574 1471 De
1611 1449 1712 1471 mane
1750 1437 1834 1470 vero

1071 1486 1128 1520 die
1155 1489 1278 1522 Lunae
1317 1488 1394 1522 XV.
1432 1486 1611 1522 Februarii
1649 1486 1720 1533 ipse
1758 1487 1835 1520 Do-

1072 1536 1187 1571 minus
1214 1537 1400 1572 federicus
1429 1538 1580 1572 intravit
1617 1537 1710 1572 suam
1739 1538 1836 1583 Cap-

1073 1589 1224 1628 oellam,
1252 1586 1289 1623 &
1319 1588 1457 1623 audivit
1484 1588 1647 1624 Missam.
1679 1590 1724 1622 Et
1753 1598 1833 1622 cum

1071 1651 1113 1673 eo
1140 1648 1238 1673 erant
1267 1638 1376 1673 solum
1407 1640 1448 1673 de
1475 1640 1547 1686 ejus
1575 1639 1712 1674 familia
1740 1647 1833 1672 tres.

1073 1690 1117 1723 Et
1145 1689 1329 1724 obtinebat
1367 1689 1540 1724 familiam
1581 1691 1751 1724 bonorum
1782 1687 1835 1722 so-

1072 1738 1205 1773 ciorum
1236 1738 1460 1787 in·aspe&u,
1489 1740 1548 1787 qui
1580 1741 1732 1776 mulium
1762 1738 1836 1773 fue—

1071 1799 1153 1824 runt
1181 1788 1312 1828 tristes,
1346 1791 1377 1825 8<
1410 1792 1565 1826 nondum
1590 1796 1612 1825 a
1640 1789 1734 1825 lefi‘m
1761 1788 1835 1823 sur·-

1073 1849 1253 1875 rexerantr.
1282 1842 1328 1873 Et
1356 1840 1451 1874 dista
1478 1840 1536 1875 die
1575 1838 1747 1887 praediRi
1776 1840 1835 1873 Se-

1071 1889 1243 1924 nescalcus
1266 1890 1374 1924 Miles
1404 1890 1600 1928 Bohemus,
1630 1887 1834 1924 franciscus

1070 1938 1108 1974 &
1139 1939 1295 1974 Andreas
1334 1938 1454 1974 fratres
1493 1952 1570 1974 cum
1602 1952 1672 1974 uno
1700 1940 1834 1979 altero,

1072 2003 1131 2037 per
1158 1989 1254 2025 suum
1284 1990 1450 2025 nuntium
1479 1989 1694 2033 sentientes,
1721 1989 1836 2038 ipsum

1071 2040 1136 2076 effe
1163 2039 1255 2088 quali
1295 2040 1403 2077 solum
1433 2041 1480 2076 ‚in
1516 2041 1692 2084 Ecclesia,
1732 2050 1836 2086 atque

1071 2105 1149 2127 cum
1182 2091 1359 2135 Henrico,
1395 2094 1429 2127 &
1458 2094 1583 2127 Marco
1613 2093 1646 2127 8<
1675 2091 1755 2126 aliis
1784 2090 1836 2125 fa-

1073 2143 1271 2178 miliaribus
1300 2156 1444 2179 numero
1473 2141 1761 2190 quatuordecim,
1800 2141 1836 2176 δε

1071 2207 1142 2228 non
1180 2195 1358 2242 pluribus,
1394 2194 1471 2239 ipsis
1508 2194 1548 2229 ad
1577 2194 1650 2239 ejus
1678 2192 1834 2240 Cappel-

1072 2245 1140 2279 lam
1171 2244 1417 2287 venientibus,
1446 2258 1531 2281 unus
1561 2244 1683 2280 Custos
1713 2253 1833 2291 portae

1073 2294 1176 2342 ipfius
1199 2296 1344 2333 Domini
1368 2296 1522 2332 federici
1539 2294 1722 2336 „nomine
1748 2296 1837 2330 Pau-

1073 2347 1153 2389 lus,
1196 2346 1298 2382 illico
1337 2349 1457 2385 videns
1497 2347 1575 2383 istos
1613 2346 1655 2381 fic
1696 2344 1834 2382 venire,

1074 2397 1271 2435 festinanter
1307 2399 1379 2435 ivit
1415 2400 1453 2435 ad
1492 2399 1605 2443 ipsum
1637 2395 1832 2432 Dominum

1072 2448 1168 2484 suum
1213 2449 1250 2487 ὅ(
1293 2451 1414 2487 clausit
1453 2447 1832 2493 ostium‘CappellaQ

1075 2499 1213 2537 dicens:
1244 2504 1400 2543 Domine,
1430 2502 1576 2535 velositer
1600 2507 1735 2531 venwm
1762 2509 1836 2529 sea-

1075 2553 1127 2585 sz‘zs
1154 2566 1231 2591 vos,
1254 2551 1431 2594 familiares
1458 2553 1488 2583 D
1506 2549 1585 2581 mini
1613 2546 1836 2583 Patriarchae.

988 2594 993 2634 l
1043 2594 1050 2645 Ι
1075 2602 1196 2636 Dubito
1211 2626 1222 2645 ‚
1255 2601 1337 2647 quod
1362 2612 1423 2635 non
1449 2598 1583 2634 veniant
1611 2598 1646 2633 in
1673 2610 1835 2633 nocumen-

1747 2658 1778 2682 to

995 1176 1030 1213 C

997 1630 1046 1855 ΒΙ

996 2079 1026 2112 Ε
