2237 3084
813 216 860 257 H

947 220 970 259 1
1059 217 1088 258 S

507 226 589 270 577

1173 216 1458 259 YOR

1545 220 1569 262 Ι
1656 223 1698 262 Α

1928 229 2008 280 578

448 283 544 308 mus.
571 274 620 308 Et
646 271 684 308 in
710 271 783 322 ipsa
810 287 954 322 guerra,
989 288 1048 322 per
1075 275 1205 311 nostros
1228 274 1273 323 ⁴A
1313 275 1468 320 Paduae‚
1497 290 1686 326 numquam
1717 279 1935 328 praesumsit,
1972 296 2067 320 arma

447 323 558 359 bonos
598 323 770 359 Dominos
807 326 840 360 8<
879 326 1018 362 vicinos
1060 326 1205 371 fideles,

446 374 481 407 δ(
510 374 688 410 voluntati
710 388 829 410 eorum
854 377 1088 413 Dominorum
1119 377 1206 413 sem-

446 435 509 470 per
535 424 747 465 constantes‚
783 426 816 460 &
855 438 1045 474 numquam
1079 428 1205 464 discre-

447 484 568 521 pantes
610 475 763 511 fuimus.
802 476 952 512 Domini
989 478 1135 514 Lufinus
1171 481 1204 513 δε

448 524 622 563 Odoricus
650 526 771 562 fratres
801 527 952 562 multum
984 527 1016 563 se
1045 528 1083 564 in
1111 529 1205 564 dieta

447 588 568 624 guerra
603 587 832 613 exercuerunt
868 577 1059 613 familiares
1096 579 1205 614 bonos

446 628 638 663 retinentes
656 653 666 667 ,
695 627 904 676 magnasque
931 627 1096 674 expensas
1123 627 1206 674 paffi

446 676 547 718 sunt,
585 677 621 714 &
660 692 677 713 a
716 679 784 714 suis
822 678 951 714 vicinis
989 678 1142 713 multum
1171 691 1205 712 a>

446 730 559 772 mati,
587 729 708 764 dileffl
727 758 736 772 ,
773 731 805 764 &
844 729 1033 765 honorati.
1062 730 1108 763 Et
1144 726 1206 773 ipsi

448 781 599 814 multum
639 781 858 815 honorabant
901 781 1094 826 Populum.
1133 780 1205 813 Do-

447 829 563 864 minus
587 832 876 866 Bartholomaeus
898 830 1062 865 bellicose
1091 828 1123 864 se
1146 829 1204 863 ha-

449 879 525 913 buit
555 880 590 914 in
620 880 691 923 ipsa
720 893 862 927 guerra,
900 881 971 925 post
1000 880 1049 915 sui
1078 880 1204 914 adven-

447 938 523 964 tum
552 931 593 964 de
621 930 811 965 Comitatu
831 930 969 965 Tirolis
1000 929 1030 965 se
1054 931 1206 964 multum

447 991 610 1013 exercens
632 980 668 1013 in
691 980 818 1024 armis,
847 982 879 1014 ὃ(
902 980 1045 1015 hortans
1074 979 1206 1020 socios,

447 1041 487 1063 ac
516 1030 681 1064 inducens
710 1030 802 1077 ipsos
828 1032 867 1065 ad
898 1040 1108 1066 nocumenta
1136 1031 1203 1066 ini-

446 1078 643 1120 micorum,
671 1081 704 1115 &
732 1081 774 1117 de
802 1081 943 1130 persona
970 1083 1108 1121 valens,
1136 1081 1204 1117 for·

443 1129 492 1165 tis
520 1129 558 1166 &
596 1131 735 1176 audax,
772 1146 842 1167 non
882 1146 1027 1182 magnae
1063 1133 1206 1168 stirurae

445 1179 574 1221 homo,
604 1182 754 1218 dih-&us
783 1197 841 1231 per
869 1183 982 1219 socios
1003 1182 1205 1219 fortiffime.

444 1231 623 1267 Dominus
675 1235 854 1269 Galvanus
908 1234 1003 1269 filius
1057 1235 1204 1270 Domini

443 1281 691 1322 Baithaffaris‚
721 1283 857 1329 juvenis
886 1286 1012 1331 longae
1039 1283 1204 1328 staturae,

443 1332 570 1367 aetatis
597 1333 714 1368 decem
743 1334 777 1368 &
805 1334 888 1369 οέἶο
916 1348 1084 1370 annorum
1102 1359 1113 1374 ,
1142 1349 1201 1370 vo-

444 1382 598 1419 luntarie
639 1384 671 1419 se
706 1383 883 1419 ostendens
919 1395 1041 1420 contra
1082 1385 1201 1420 inimi-

445 1445 528 1476 cos,
556 1443 674 1468 tamen
703 1446 773 1468 non
803 1433 981 1476 permissus
1019 1434 1109 1469 foras
1147 1448 1206 1481 per

444 1482 524 1518 suos
552 1482 748 1530 praedictos
784 1483 1059 1532 consanguineos
1087 1483 1204 1524 exire,

446 1532 608 1569 hortatus
635 1533 679 1568 est
707 1534 848 1582 juvenes
876 1536 916 1570 ad
946 1548 1095 1583 pugnarn
1123 1548 1201 1570 con-

444 1591 499 1619 tra
535 1583 723 1620 inimicos.
760 1585 1000 1621 Olvrandinus
1028 1586 1203 1633 quondam

446 1636 507 1670 Ser
533 1635 675 1670 Berthei
702 1635 807 1683 usque
827 1636 868 1671 ad
898 1635 1034 1671 bivium
1063 1637 1204 1681 exiens,

445 1685 503 1720 vel
531 1684 721 1730 saepiffime
748 1687 790 1722 ad
829 1696 963 1733 portam
1002 1687 1110 1725 stans,
1146 1687 1203 1722 ha-

446 1735 525 1771 buit
552 1735 667 1772 filium
695 1737 790 1785 ejus,
820 1736 1065 1773 Brandilifium
1089 1738 1204 1773 nomi-

446 1799 490 1821 ne
510 1814 522 1831 ‚
569 1787 631 1834 qui
677 1788 829 1823 libenter
874 1799 995 1824 contra
1039 1788 1206 1824 inimicos

446 1849 526 1870 cum
559 1837 699 1873 balestra
736 1838 793 1874 sua
830 1839 863 1874 se
899 1839 1056 1873 viriliter
1085 1848 1205 1873 exten-

447 1885 576 1920 debat.
614 1888 773 1921 Multum
810 1887 881 1921 fuit
916 1888 989 1932 ipse
1015 1889 1205 1923 Olvrandi—

450 1948 513 1969 nus
542 1935 582 1969 ad
613 1945 744 1983 partem
784 1936 988 1970 butinorum
1026 1937 1206 1984 provisus.

449 1985 616 2021 Girardus
662 1984 767 2021 frater
807 1985 1021 2021 Olvrandini
1067 1997 1206 2034 portans

450 2048 567 2071 arcum
597 2048 704 2071 unum
733 2036 901 2071 continue
928 2049 1006 2072 cum
1037 2049 1103 2072 una
1131 2049 1205 2071 cor-

448 2085 561 2133 rigia,
599 2088 751 2122 multum
780 2087 930 2122 vexabat
940 2113 1075 2123 .......
1103 2086 1207 2134 usque

449 2137 491 2171 ad
521 2137 671 2182 plateam
699 2138 756 2172 vel
784 2139 875 2173 ultra
904 2151 1047 2185 parum,
1085 2136 1204 2172 inimi-

448 2200 567 2223 corum
599 2186 741 2234 vestigia
768 2187 1002 2236 consequens,
1031 2187 1118 2223 fidus
1143 2187 1203 2222 ho-

449 2251 527 2273 mo.
558 2235 684 2273 Vifflor
711 2239 886 2284 quondam
913 2239 1061 2274 Domini
1082 2237 1206 2273 osval-

449 2289 483 2322 di
514 2288 622 2324 ferens
661 2288 837 2323 bale—stram
877 2289 1025 2332 bonam,
1062 2301 1206 2335 eamque

449 2340 535 2375 bene
573 2339 680 2374 sciens
717 2352 901 2378 exercere,
938 2337 1146 2374 serociffime
1173 2341 1205 2374 ὅ(

447 2388 638 2437 saepiffime
666 2388 832 2425 inimicos
868 2389 1028 2430 laedens,
1065 2388 1207 2438 pulcher

450 2441 609 2489 juvenis,
637 2453 805 2475 annorum
837 2441 967 2475 XXIV.
989 2449 1124 2475 amatus
1147 2452 1206 2478 ner

450 2492 647 2530 Pooulum.
683 2492 810 2527 Zuttus
847 2489 1022 2538 quondam
1050 2492 1110 2526 Ser
1136 2489 1199 2525 Ni-

448 2542 562 2584 colai,
588 2543 716 2579 habens
743 2540 977 2592 provisionem
1004 2554 1023 2578 a
1044 2541 1204 2578 Domino

1240 1616 1272 1649 D

1309 327 1454 364 induere
1495 339 1616 365 contra
1656 330 1822 367 inimicos
1863 332 1921 367 die
1945 356 1956 372 ‚
1997 346 2068 377 quo

1310 387 1429 427 gentes
1454 379 1605 416 Domini
1634 380 1768 417 Paduae
1794 382 1917 418 stantes
1945 383 1981 419 in
2002 385 2069 419 Ze-

1311 430 1428 477 vraja‚
1471 440 1641 466 venerunt
1678 433 1894 468 combustum
1930 434 2069 470 Villam

1310 479 1500 516 Maniaci.
1543 481 1638 529 Ipse,
1675 496 1738 519 nec
1774 485 1953 520 Galvanus
1994 485 2068 533 ejus

1309 530 1415 566 frater
1442 544 1521 566 cum
1549 545 1668 568 eorum
1690 534 1820 569 vicinis
1849 544 1969 570 contra
1996 535 2070 571 ini-

1311 581 1421 617 micos
1449 583 1583 617 nullam
1620 584 1776 619 fecerunt
1813 584 2069 626 defenfionem,

1310 630 1348 666 &
1375 631 1459 667 odio
1486 642 1584 668 erant
1619 634 1690 669 toti
1730 635 1885 682 Populo,
1921 635 2003 682 quia
2031 649 2070 671 a-

1311 680 1426 716 nimus
1465 696 1584 719 eorum
1621 684 1820 720 declinabat
1856 685 1898 720 ad
1939 685 2069 722 Domi-

1311 741 1395 764 num
1425 731 1559 767 Paduae
1576 759 1586 769 .

1363 780 1461 814 lvere
1489 785 1688 831 congregati
1715 799 1836 822 omnes
1864 786 1976 822 vicini
2005 787 2069 822 bo-

1311 827 1349 864 ni
1377 842 1445 864 una
1472 831 1575 866 noae
1601 833 1638 868 in
1666 848 1770 871 unum
1801 850 1916 873 coram
1939 837 2070 872 Domi-

1311 892 1357 914 no
1394 879 1552 924 Lufino,
1589 883 1671 930 quia
1708 887 1766 921 Ser
1802 888 1967 923 Bertheus
1995 895 2069 924 erat

1310 938 1394 966 tunc
1422 932 1590 976 temporis
1623 933 1721 981 super
1747 938 1933 973 Comitatu
1960 939 2071 974 Tiro-

1310 981 1379 1024 lis,
1417 980 1455 1017 ἃ
1493 984 1668 1019 Dominus
1696 987 1873 1021 Galvanus
1902 1000 1980 1022 cum
2010 1001 2071 1036 pa-

1311 1041 1363 1067 tre
1383 1031 1419 1067 in
1445 1033 1581 1069 utino.
1610 1036 1818 1070 Habuerunt
1838 1035 1927 1071 diffi
1955 1037 2070 1074 vicini

1310 1081 1446 1118 dicere:
1485 1087 1552 1118 Nos
1583 1085 1733 1129 sensimus
1760 1087 1799 1119 de
1825 1086 1986 1130 veritate,
2023 1086 2070 1125 &¹

1282 1133 1399 1181 ¹¹nohis
1441 1136 1575 1168 relatum
1611 1135 1678 1178 est.
1720 1138 1801 1182 quod
1846 1136 1922 1178 istac
1963 1146 2072 1181 gentes

1311 1183 1441 1217 Domini
1484 1187 1614 1219 Paduae
1649 1188 1769 1228 stantes
1818 1187 1852 1220 in
1896 1186 2070 1232 Zevraja,

1309 1233 1482 1268 mmmm
1518 1235 1633 1269 babent
1660 1250 1724 1269 cum
1750 1238 1875 1277 Zum,
1912 1237 1988 1282 quia
2024 1237 2072 1271 eis

1307 1283 1449 1329 promistt
1475 1285 1550 1319 dare
1577 1285 1660 1327 tstud
1686 1287 1852 1327 Castrum.
1891 1288 1979 1321 Unde
2016 1299 2071 1321 nos

1308 1333 1454 1368 debemus
1481 1336 1590 1369 taliter
1614 1339 1654 1371 de
1688 1350 1721 1371 eo
1754 1338 1946 1383 providere,
1987 1337 2070 1382 quod

1309 1384 1476 1417 habeamus
1512 1396 1615 1429 pacem
1650 1386 1692 1421 ab
1727 1400 1759 1421 eo
1786 1388 1827 1420 (9¹
1863 1399 1924 1420 non
1952 1388 2070 1428 flemus

1311 1432 1345 1466 in
1372 1433 1435 1467 tali
1461 1433 1621 1478 custodia,
1658 1435 1733 1481 quia
1769 1435 1851 1469 inter
1886 1448 1938 1469 nos
1966 1447 2071 1470 omnes

1310 1482 1390 1516 alios
1417 1484 1519 1524 [umus
1545 1485 1732 1521 unanimes.
1770 1487 1815 1521 Et
1851 1485 1935 1521 haec
1964 1485 2069 1521 verba

1311 1543 1409 1568 erant
1437 1534 1478 1570 de
1506 1534 1608 1570 nofi’te
1637 1535 1734 1584 super
1761 1537 1893 1581 palatio
1921 1535 2071 1572 Domini

1311 1583 1431 1619 Lufini
1473 1586 1506 1619 δε
1551 1585 1693 1621 fratrum
1712 1613 1720 1621 .
1764 1589 1808 1620 Et
1851 1599 1913 1621 nos
1950 1586 2070 1621 decem

1311 1633 1422 1669 socios
1450 1634 1659 1671 habebamus
1687 1647 1786 1672 extra
1815 1645 1930 1682 portas
1953 1634 2070 1671 Castri

1310 1684 1409 1721 omni
1440 1685 1543 1721 nocie
1579 1700 1641 1734 pro
1668 1687 1793 1723 tutiori
1822 1686 2000 1729 custodia,
2028 1698 2070 1721 eo

1310 1735 1404 1781 quod
1424 1735 1517 1770 irent
1537 1736 1629 1771 circa
1649 1738 1827 1772 Castrum.
1856 1739 1902 1771 Et
1923 1737 2071 1782 loquen-

1311 1786 1406 1820 tibus
1434 1794 1556 1821 contra
1583 1787 1728 1821 Zuttum
1769 1787 1806 1821 in
1843 1786 1889 1820 iis
1926 1785 2070 1830 verbis,

1312 1848 1399 1870 unus
1434 1835 1476 1869 de
1512 1836 1630 1871 decem
1668 1836 1863 1872 custodibus
1898 1835 1940 1870 de
1985 1834 2072 1871 foris

1311 1884 1510 1932 supervenit
1537 1885 1736 1922 festinanter
1762 1887 1879 1921 dicens
1896 1897 1912 1918 .·
1938 1885 2072 1919 Domina·

1311 1935 1357 1972 ἐφ’
1376 1934 1500 1974 vicini,
1526 1936 1669 1969 vidimus
1689 1938 1727 1969 de
1752 1935 1907 1979 praesenti
1931 1935 1964 1968 in
1985 1948 2070 1968 cam-

1308 1995 1347 2031 po
1374 1985 1507 2020 Domim'
1532 1987 1660 2020 Paduae
1680 1985 1776 2030 signa
1797 1985 1910 2027 suffla,
1937 1985 2068 2019 clevan-

1310 2036 1349 2068 do
1375 2034 1422 2073 ὠ
1449 2036 1653 2070 declinando.
1682 2038 1729 2069 Et
1752 2035 1892 2069 vidimus
1922 2035 1955 2068 in
1981 2036 2069 2069 domo

1309 2085 1405 2118 Zum'
1430 2085 1472 2118 eis
1500 2086 1688 2120 intendendo
1723 2087 1768 2121 ad
1802 2085 1869 2130 ejus
1901 2085 2068 2129 sem-[iram

1309 2136 1419 2169 venias
1445 2135 1551 2169 rivum
1579 2136 1698 2178 fontir.
1725 2138 1835 2182 Itaque
1861 2135 2067 2179 dubitamus,

1309 2197 1386 2231 quae
1408 2183 1501 2227 signa
1522 2185 1590 2226 sint
1617 2186 1698 2230 isla,
1725 2186 1770 2225 θ’
1798 2185 1890 2220 vobis
1915 2185 2068 2227 moxifl-‘a-

1309 2248 1395 2270 mus.
1423 2236 1526 2270 Tunc
1553 2235 1664 2273 vicini
1684 2250 1752 2273 una
1772 2249 1857 2271 voce
1877 2234 2064 2271 dixerunt:

1312 2287 1427 2320 Eamus
1464 2287 1508 2320 ad
1541 2288 1664 2322 domum
1705 2288 1863 2334 Ipsorum,
1904 2287 1944 2320 Θ
1988 2286 2068 2332 ipsos

1308 2346 1466 2382 tamquam
1500 2338 1670 2381 proditores
1706 2338 1896 2376 occidamus,
1933 2336 1976 2369 Θ
2011 2348 2066 2371 nos

1305 2386 1418 2427 stemus
1455 2387 1488 2421 in
1515 2389 1563 2422 his
1589 2389 1715 2424 verbis.
1751 2391 1798 2424 Et
1834 2386 1912 2435 ipsus
1948 2386 2066 2422 eunti-

1310 2437 1391 2477 bus,
1419 2451 1483 2486 ego
1515 2438 1687 2482 Johannes
1716 2438 1845 2485 Aylini
1872 2438 1917 2472 ob
1953 2437 2066 2472 hono-

1308 2501 1378 2523 rem
1417 2488 1572 2525 filiorum
1600 2490 1688 2526 olim
1729 2489 1876 2525 Domini
1889 2513 2063 2524 .........

1309 2539 1478 2588 Ρταεάὶξὶὶ
1506 2541 1655 2578 Domini
1690 2539 1832 2582 Nihili,
1868 2539 1973 2576 habui
2009 2537 2063 2573 di-

1912 2599 2007 2625 celet
