<?xml version="1.0" encoding="UTF-8"?>
<!DOCTYPE html PUBLIC "-//W3C//DTD XHTML 1.0 Transitional//EN"
    "http://www.w3.org/TR/xhtml1/DTD/xhtml1-transitional.dtd">
<html xmlns="http://www.w3.org/1999/xhtml" xml:lang="en" lang="en">
 <head>
  <title>
</title>
<meta http-equiv="Content-Type" content="text/html;charset=utf-8" />
  <meta name='ocr-system' content='tesseract 3.04.00' />
  <meta name='ocr-capabilities' content='ocr_page ocr_carea ocr_par ocr_line ocrx_word'/>
</head>
<body>
  <div class='ocr_page' id='page_1' title='image "antiquitatesital09mura_0081.png"; bbox 0 0 2237 3084; ppageno 0'>
   <div class='ocr_carea' id='block_1_1' title="bbox 230 226 1735 292">
    <p class='ocr_par' dir='ltr' id='par_1_1' title="bbox 230 226 1735 292">
     <span class='ocr_line' id='line_1_1' title="bbox 230 226 1735 292; baseline -0.001 -14"><span class='ocrx_word' id='word_1_1' title='bbox 230 251 309 292; x_wconf 69' lang='lat'>153</span> <span class='ocrx_word' id='word_1_2' title='bbox 411 233 779 278; x_wconf 64' lang='lat' dir='ltr'><em>DJSSERTATIO</em></span> <span class='ocrx_word' id='word_1_3' title='bbox 811 226 1549 289; x_wconf 54' lang='lat' dir='ltr'>„QUADRAGESJMAQJARTAE</span> <span class='ocrx_word' id='word_1_4' title='bbox 1653 246 1735 290; x_wconf 75' lang='lat'>154</span> 
     </span>
    </p>
   </div>
   <div class='ocr_carea' id='block_1_2' title="bbox 165 284 1796 339">
    <p class='ocr_par' dir='ltr' id='par_1_2' title="bbox 165 284 1796 339">
     <span class='ocr_line' id='line_1_2' title="bbox 165 284 1796 339; baseline -0.002 -9"><span class='ocrx_word' id='word_1_5' title='bbox 165 293 261 330; x_wconf 83' lang='lat' dir='ltr'>mina</span> <span class='ocrx_word' id='word_1_6' title='bbox 304 293 460 339; x_wconf 81' lang='lat' dir='ltr'>Latina,</span> <span class='ocrx_word' id='word_1_7' title='bbox 497 294 585 330; x_wconf 67' lang='lat' dir='ltr'>falso</span> <span class='ocrx_word' id='word_1_8' title='bbox 622 294 754 329; x_wconf 86' lang='lat' dir='ltr'>tributa</span> <span class='ocrx_word' id='word_1_9' title='bbox 789 293 926 326; x_wconf 69' lang='lat' dir='ltr'>Album</span> <span class='ocrx_word' id='word_1_10' title='bbox 958 288 1010 322; x_wconf 88' lang='lat' dir='ltr'>A·</span> <span class='ocrx_word' id='word_1_11' title='bbox 1036 285 1128 329; x_wconf 88' lang='lat' dir='ltr'>rati,</span> <span class='ocrx_word' id='word_1_12' title='bbox 1157 284 1223 320; x_wconf 87' lang='lat' dir='ltr'>sese</span> <span class='ocrx_word' id='word_1_13' title='bbox 1260 288 1466 323; x_wconf 82' lang='lat' dir='ltr'>exercebant</span> <span class='ocrx_word' id='word_1_14' title='bbox 1493 290 1529 324; x_wconf 89' lang='lat' dir='ltr'>in</span> <span class='ocrx_word' id='word_1_15' title='bbox 1567 289 1796 328; x_wconf 68' lang='lat' dir='ltr'>conficiendis</span> 
     </span>
    </p>
   </div>
   <div class='ocr_carea' id='block_1_3' title="bbox 155 341 924 1184">
    <p class='ocr_par' dir='ltr' id='par_1_3' title="bbox 155 341 924 1184">
     <span class='ocr_line' id='line_1_3' title="bbox 165 341 923 396; baseline 0.008 -19"><span class='ocrx_word' id='word_1_16' title='bbox 165 347 312 392; x_wconf 81' lang='lat' dir='ltr'>Magno,</span> <span class='ocrx_word' id='word_1_17' title='bbox 337 345 452 380; x_wconf 70' lang='lat' dir='ltr'>SanHo</span> <span class='ocrx_word' id='word_1_18' title='bbox 479 347 616 380; x_wconf 80' lang='lat' dir='ltr'>Thomae</span> <span class='ocrx_word' id='word_1_19' title='bbox 640 341 826 387; x_wconf 61' lang='lat' dir='ltr'>Aquitani,</span> <span class='ocrx_word' id='word_1_20' title='bbox 853 342 923 396; x_wconf 57' lang='lat' dir='ltr'>Af·</span> 
     </span>
     <span class='ocr_line' id='line_1_4' title="bbox 165 390 924 438; baseline -0.013 -7"><span class='ocrx_word' id='word_1_21' title='bbox 165 396 261 430; x_wconf 70' lang='lat' dir='ltr'>”aldo</span> <span class='ocrx_word' id='word_1_22' title='bbox 292 397 527 438; x_wconf 78' lang='lat' dir='ltr'>thlanovano‚</span> <span class='ocrx_word' id='word_1_23' title='bbox 553 390 743 433; x_wconf 73' lang='lat' dir='ltr'>Aristoteli,</span> <span class='ocrx_word' id='word_1_24' title='bbox 771 392 924 428; x_wconf 81' lang='lat' dir='ltr'>Platom,</span> 
     </span>
     <span class='ocr_line' id='line_1_5' title="bbox 163 439 921 496; baseline -0.009 -16"><span class='ocrx_word' id='word_1_25' title='bbox 163 446 330 489; x_wconf 72' lang='lat' dir='ltr'>Alphonso</span> <span class='ocrx_word' id='word_1_26' title='bbox 349 448 435 487; x_wconf 64' lang='lat' dir='ltr'>Regi</span> <span class='ocrx_word' id='word_1_27' title='bbox 453 444 626 485; x_wconf 72' lang='lat' dir='ltr'>castellae,</span> <span class='ocrx_word' id='word_1_28' title='bbox 643 453 683 496; x_wconf 76' lang='lat' dir='ltr'>ac</span> <span class='ocrx_word' id='word_1_29' title='bbox 704 439 783 475; x_wconf 86' lang='lat' dir='ltr'>aliis</span> <span class='ocrx_word' id='word_1_30' title='bbox 799 450 921 486; x_wconf 86' lang='lat' dir='ltr'>quam-</span> 
     </span>
     <span class='ocr_line' id='line_1_6' title="bbox 164 490 923 541; baseline -0.008 -11"><span class='ocrx_word' id='word_1_31' title='bbox 164 496 328 541; x_wconf 82' lang='lat' dir='ltr'><strong>plurimis</strong></span> <span class='ocrx_word' id='word_1_32' title='bbox 365 493 510 530; x_wconf 82' lang='lat' dir='ltr'>minoris</span> <span class='ocrx_word' id='word_1_33' title='bbox 555 490 736 529; x_wconf 82' lang='lat' dir='ltr'>nommis,</span> <span class='ocrx_word' id='word_1_34' title='bbox 773 502 923 537; x_wconf 89' lang='lat' dir='ltr'>quorum</span> 
     </span>
     <span class='ocr_line' id='line_1_7' title="bbox 164 539 914 588; baseline -0.011 -6"><span class='ocrx_word' id='word_1_35' title='bbox 164 546 422 583; x_wconf 64' lang='lat' dir='ltr'>TraRatuum,</span> <span class='ocrx_word' id='word_1_36' title='bbox 458 541 527 576; x_wconf 85' lang='lat' dir='ltr'>five</span> <span class='ocrx_word' id='word_1_37' title='bbox 565 553 733 588; x_wconf 86' lang='lat' dir='ltr'>nugarum</span> <span class='ocrx_word' id='word_1_38' title='bbox 780 539 914 588; x_wconf 84' lang='lat' dir='ltr'>farragi-</span> 
     </span>
     <span class='ocr_line' id='line_1_8' title="bbox 163 591 923 634; baseline -0.011 -3"><span class='ocrx_word' id='word_1_39' title='bbox 163 608 241 631; x_wconf 82' lang='lat' dir='ltr'>nem</span> <span class='ocrx_word' id='word_1_40' title='bbox 270 591 518 634; x_wconf 64' lang='lat' dir='ltr'>compleffitur</span> <span class='ocrx_word' id='word_1_41' title='bbox 544 592 718 626; x_wconf 74' lang='lat' dir='ltr'>Theatrum</span> <span class='ocrx_word' id='word_1_42' title='bbox 744 591 923 625; x_wconf 78' lang='lat' dir='ltr'>Chemicum</span> 
     </span>
     <span class='ocr_line' id='line_1_9' title="bbox 162 640 921 688; baseline 0 -13"><span class='ocrx_word' id='word_1_43' title='bbox 162 644 333 686; x_wconf 57' lang='lat' dir='ltr'>Zazmd,</span> <span class='ocrx_word' id='word_1_44' title='bbox 361 641 397 676; x_wconf 91' lang='lat' dir='ltr'>in</span> <span class='ocrx_word' id='word_1_45' title='bbox 427 640 483 677; x_wconf 86' lang='lat' dir='ltr'>sex</span> <span class='ocrx_word' id='word_1_46' title='bbox 512 643 648 677; x_wconf 88' lang='lat' dir='ltr'>Tomos</span> <span class='ocrx_word' id='word_1_47' title='bbox 685 641 777 688; x_wconf 85' lang='lat' dir='ltr'>spiffi</span> <span class='ocrx_word' id='word_1_48' title='bbox 805 641 921 676; x_wconf 84' lang='lat' dir='ltr'>chara-</span> 
     </span>
     <span class='ocr_line' id='line_1_10' title="bbox 160 691 922 740; baseline -0.003 -12"><span class='ocrx_word' id='word_1_49' title='bbox 160 692 264 728; x_wconf 66' lang='lat' dir='ltr'>&amp;eris</span> <span class='ocrx_word' id='word_1_50' title='bbox 304 691 492 728; x_wconf 81' lang='lat' dir='ltr'>diffusum.</span> <span class='ocrx_word' id='word_1_51' title='bbox 532 694 656 740; x_wconf 89' lang='lat' dir='ltr'>Neque</span> <span class='ocrx_word' id='word_1_52' title='bbox 699 693 922 740; x_wconf 85' lang='lat' dir='ltr'>negandum,</span> 
     </span>
     <span class='ocr_line' id='line_1_11' title="bbox 159 742 923 790; baseline 0 -13"><span class='ocrx_word' id='word_1_53' title='bbox 159 742 245 790; x_wconf 88' lang='lat' dir='ltr'>quin</span> <span class='ocrx_word' id='word_1_54' title='bbox 273 743 417 778; x_wconf 87' lang='lat' dir='ltr'>Saeculo</span> <span class='ocrx_word' id='word_1_55' title='bbox 446 744 545 778; x_wconf 80' lang='lat' dir='ltr'>x111.</span> <span class='ocrx_word' id='word_1_56' title='bbox 574 742 672 778; x_wconf 88' lang='lat' dir='ltr'>inani</span> <span class='ocrx_word' id='word_1_57' title='bbox 701 742 783 778; x_wconf 90' lang='lat' dir='ltr'>huic</span> <span class='ocrx_word' id='word_1_58' title='bbox 812 742 923 777; x_wconf 79' lang='lat' dir='ltr'>studio</span> 
     </span>
     <span class='ocr_line' id='line_1_12' title="bbox 159 793 922 839; baseline -0.001 -11"><span class='ocrx_word' id='word_1_59' title='bbox 159 793 193 828; x_wconf 84' lang='lat' dir='ltr'>fe</span> <span class='ocrx_word' id='word_1_60' title='bbox 220 796 393 830; x_wconf 80' lang='lat' dir='ltr'>devovere</span> <span class='ocrx_word' id='word_1_61' title='bbox 430 795 521 828; x_wconf 88' lang='lat' dir='ltr'>ultra</span> <span class='ocrx_word' id='word_1_62' title='bbox 559 794 701 829; x_wconf 84' lang='lat' dir='ltr'>modum</span> <span class='ocrx_word' id='word_1_63' title='bbox 743 793 922 839; x_wconf 76' lang='lat' dir='ltr'>coeperint</span> 
     </span>
     <span class='ocr_line' id='line_1_13' title="bbox 160 842 918 892; baseline -0.001 -13"><span class='ocrx_word' id='word_1_64' title='bbox 160 842 301 892; x_wconf 88' lang='lat' dir='ltr'>ingenia</span> <span class='ocrx_word' id='word_1_65' title='bbox 331 843 566 890; x_wconf 79' lang='lat' dir='ltr'>phantastica,</span> <span class='ocrx_word' id='word_1_66' title='bbox 594 842 632 880; x_wconf 73' lang='grc' dir='ltr'><strong>ἆ</strong></span> <span class='ocrx_word' id='word_1_67' title='bbox 661 843 739 879; x_wconf 83' lang='lat' dir='ltr'>falli</span> <span class='ocrx_word' id='word_1_68' title='bbox 770 854 829 879; x_wconf 87' lang='lat' dir='ltr'>aut</span> <span class='ocrx_word' id='word_1_69' title='bbox 858 842 918 878; x_wconf 77' lang='lat' dir='ltr'>fal·</span> 
     </span>
     <span class='ocr_line' id='line_1_14' title="bbox 159 893 915 938; baseline 0 -9"><span class='ocrx_word' id='word_1_70' title='bbox 159 894 230 929; x_wconf 91' lang='lat' dir='ltr'>lere</span> <span class='ocrx_word' id='word_1_71' title='bbox 258 894 456 938; x_wconf 83' lang='lat' dir='ltr'>cupientia.</span> <span class='ocrx_word' id='word_1_72' title='bbox 488 898 524 929; x_wconf 89' lang='lat' dir='ltr'>ln</span> <span class='ocrx_word' id='word_1_73' title='bbox 555 894 643 930; x_wconf 88' lang='lat' dir='ltr'>hanc</span> <span class='ocrx_word' id='word_1_74' title='bbox 670 908 741 931; x_wconf 90' lang='lat' dir='ltr'>rem</span> <span class='ocrx_word' id='word_1_75' title='bbox 773 894 822 929; x_wconf 87' lang='lat' dir='ltr'>sat</span> <span class='ocrx_word' id='word_1_76' title='bbox 850 893 915 929; x_wconf 89' lang='lat' dir='ltr'>fue-</span> 
     </span>
     <span class='ocr_line' id='line_1_15' title="bbox 157 944 920 993; baseline -0.003 -14"><span class='ocrx_word' id='word_1_77' title='bbox 157 944 205 980; x_wconf 81' lang='lat' dir='ltr'>rit</span> <span class='ocrx_word' id='word_1_78' title='bbox 235 945 412 981; x_wconf 82' lang='lat' dir='ltr'>consulere</span> <span class='ocrx_word' id='word_1_79' title='bbox 448 959 552 993; x_wconf 86' lang='lat' dir='ltr'>opera</span> <span class='ocrx_word' id='word_1_80' title='bbox 583 946 772 992; x_wconf 73' lang='lat' dir='ltr'>Raymundi</span> <span class='ocrx_word' id='word_1_81' title='bbox 808 945 920 984; x_wconf 78' lang='lat' dir='ltr'>Luni,</span> 
     </span>
     <span class='ocr_line' id='line_1_16' title="bbox 157 994 921 1042; baseline -0.001 -12"><span class='ocrx_word' id='word_1_82' title='bbox 157 994 220 1042; x_wconf 83' lang='lat' dir='ltr'>qui</span> <span class='ocrx_word' id='word_1_83' title='bbox 245 1009 287 1030; x_wconf 90' lang='lat' dir='ltr'>eo</span> <span class='ocrx_word' id='word_1_84' title='bbox 308 997 453 1031; x_wconf 77' lang='lat' dir='ltr'>Saeculo</span> <span class='ocrx_word' id='word_1_85' title='bbox 479 1006 553 1032; x_wconf 86' lang='lat' dir='ltr'>tum</span> <span class='ocrx_word' id='word_1_86' title='bbox 579 996 615 1032; x_wconf 89' lang='lat' dir='ltr'>in</span> <span class='ocrx_word' id='word_1_87' title='bbox 636 997 717 1031; x_wconf 85' lang='lat' dir='ltr'>aliis</span> <span class='ocrx_word' id='word_1_88' title='bbox 743 995 921 1038; x_wconf 83' lang='lat' dir='ltr'>scientiis,</span> 
     </span>
     <span class='ocr_line' id='line_1_17' title="bbox 155 1045 920 1089; baseline -0.001 -8"><span class='ocrx_word' id='word_1_89' title='bbox 155 1054 232 1081; x_wconf 88' lang='lat' dir='ltr'>tum</span> <span class='ocrx_word' id='word_1_90' title='bbox 255 1046 332 1081; x_wconf 86' lang='lat' dir='ltr'>heic</span> <span class='ocrx_word' id='word_1_91' title='bbox 354 1048 465 1082; x_wconf 88' lang='lat' dir='ltr'>multa</span> <span class='ocrx_word' id='word_1_92' title='bbox 486 1046 682 1083; x_wconf 81' lang='lat' dir='ltr'>suaviffime</span> <span class='ocrx_word' id='word_1_93' title='bbox 705 1045 920 1089; x_wconf 78' lang='lat' dir='ltr'>somniavit,</span> 
     </span>
     <span class='ocr_line' id='line_1_18' title="bbox 157 1096 903 1145; baseline 0 -15"><span class='ocrx_word' id='word_1_94' title='bbox 157 1106 264 1142; x_wconf 78' lang='lat' dir='ltr'>atque</span> <span class='ocrx_word' id='word_1_95' title='bbox 292 1096 490 1132; x_wconf 86' lang='lat' dir='ltr'>imitatores</span> <span class='ocrx_word' id='word_1_96' title='bbox 517 1111 588 1133; x_wconf 88' lang='lat' dir='ltr'>non</span> <span class='ocrx_word' id='word_1_97' title='bbox 623 1110 749 1145; x_wconf 89' lang='lat' dir='ltr'>paucos</span> <span class='ocrx_word' id='word_1_98' title='bbox 778 1105 837 1131; x_wconf 86' lang='lat' dir='ltr'>aut</span> <span class='ocrx_word' id='word_1_99' title='bbox 865 1109 903 1131; x_wconf 88' lang='lat' dir='ltr'>ae</span> 
     </span>
     <span class='ocr_line' id='line_1_19' title="bbox 156 1146 903 1184; baseline 0 -4"><span class='ocrx_word' id='word_1_100' title='bbox 156 1147 273 1181; x_wconf 85' lang='lat' dir='ltr'>mulos</span> <span class='ocrx_word' id='word_1_101' title='bbox 294 1146 355 1182; x_wconf 81' lang='lat' dir='ltr'>fibi</span> <span class='ocrx_word' id='word_1_102' title='bbox 377 1147 606 1184; x_wconf 84' lang='lat' dir='ltr'>conciliavit.</span> <span class='ocrx_word' id='word_1_103' title='bbox 635 1148 836 1183; x_wconf 86' lang='lat' dir='ltr'>Nonnullos</span> <span class='ocrx_word' id='word_1_104' title='bbox 859 1147 903 1180; x_wconf 87' lang='lat' dir='ltr'>hu</span> 
     </span>
    </p>
   </div>
   <div class='ocr_carea' id='block_1_4' title="bbox 155 1195 950 1243">
    <p class='ocr_par' dir='ltr' id='par_1_4' title="bbox 155 1195 950 1243">
     <span class='ocr_line' id='line_1_20' title="bbox 155 1195 950 1243; baseline -0.001 -13"><span class='ocrx_word' id='word_1_105' title='bbox 155 1196 208 1243; x_wconf 78' lang='lat' dir='ltr'>jus</span> <span class='ocrx_word' id='word_1_106' title='bbox 241 1197 390 1231; x_wconf 86' lang='lat' dir='ltr'>Codices</span> <span class='ocrx_word' id='word_1_107' title='bbox 421 1200 543 1232; x_wconf 80' lang='lat' dir='ltr'>M5tos</span> <span class='ocrx_word' id='word_1_108' title='bbox 581 1198 742 1232; x_wconf 79' lang='lat' dir='ltr'>adservat</span> <span class='ocrx_word' id='word_1_109' title='bbox 778 1195 950 1234; x_wconf 72' lang='lat' dir='ltr'>Estenfis.</span> 
     </span>
    </p>
   </div>
   <div class='ocr_carea' id='block_1_5' title="bbox 153 1246 923 1895">
    <p class='ocr_par' dir='ltr' id='par_1_5' title="bbox 153 1246 923 1895">
     <span class='ocr_line' id='line_1_21' title="bbox 157 1246 921 1291; baseline -0.001 -11"><span class='ocrx_word' id='word_1_110' title='bbox 157 1246 403 1288; x_wconf 85' lang='lat' dir='ltr'>Bibliotheca,</span> <span class='ocrx_word' id='word_1_111' title='bbox 432 1246 453 1280; x_wconf 83' lang='lat' dir='ltr'>fi</span> <span class='ocrx_word' id='word_1_112' title='bbox 487 1256 603 1280; x_wconf 83' lang='lat' dir='ltr'>tamen</span> <span class='ocrx_word' id='word_1_113' title='bbox 642 1247 753 1291; x_wconf 89' lang='lat' dir='ltr'>ipsum</span> <span class='ocrx_word' id='word_1_114' title='bbox 794 1247 921 1280; x_wconf 87' lang='lat' dir='ltr'>habent</span> 
     </span>
     <span class='ocr_line' id='line_1_22' title="bbox 154 1294 918 1343; baseline 0 -13"><span class='ocrx_word' id='word_1_115' title='bbox 154 1294 376 1330; x_wconf 58' lang='lat' dir='ltr'>Auctorem.</span> <span class='ocrx_word' id='word_1_116' title='bbox 416 1297 526 1330; x_wconf 74' lang='lat' dir='ltr'>Manu</span> <span class='ocrx_word' id='word_1_117' title='bbox 564 1308 703 1343; x_wconf 85' lang='lat' dir='ltr'>quoque</span> <span class='ocrx_word' id='word_1_118' title='bbox 740 1306 918 1330; x_wconf 85' lang='lat' dir='ltr'>exaratum</span> 
     </span>
     <span class='ocr_line' id='line_1_23' title="bbox 155 1344 915 1393; baseline 0.001 -14"><span class='ocrx_word' id='word_1_119' title='bbox 155 1344 234 1380; x_wconf 64' lang='lat' dir='ltr'>Vidi</span> <span class='ocrx_word' id='word_1_120' title='bbox 264 1345 416 1393; x_wconf 70' lang='lat' dir='ltr'>Magistri</span> <span class='ocrx_word' id='word_1_121' title='bbox 432 1346 593 1390; x_wconf 73' lang='lat' dir='ltr'>Iohannis</span> <span class='ocrx_word' id='word_1_122' title='bbox 617 1352 656 1380; x_wconf 79' lang='lat' dir='ltr'>de</span> <span class='ocrx_word' id='word_1_123' title='bbox 683 1345 844 1391; x_wconf 72' lang='lat' dir='ltr'>Repeuffa</span> <span class='ocrx_word' id='word_1_124' title='bbox 866 1350 915 1390; x_wconf 84' lang='lat' dir='ltr'>Ja—</span> 
     </span>
     <span class='ocr_line' id='line_1_24' title="bbox 159 1396 923 1442; baseline 0.001 -12"><span class='ocrx_word' id='word_1_125' title='bbox 159 1408 227 1431; x_wconf 79' lang='lat' dir='ltr'>crae</span> <span class='ocrx_word' id='word_1_126' title='bbox 267 1399 455 1442; x_wconf 78' lang='lat' dir='ltr'>Theologiae</span> <span class='ocrx_word' id='word_1_127' title='bbox 498 1396 670 1441; x_wconf 66' lang='lat' dir='ltr'>Profifflrt&#39;s</span> <span class='ocrx_word' id='word_1_128' title='bbox 716 1399 847 1432; x_wconf 74' lang='lat' dir='ltr'>L=brum</span> <span class='ocrx_word' id='word_1_129' title='bbox 885 1399 923 1431; x_wconf 85' lang='lat' dir='ltr'>de</span> 
     </span>
     <span class='ocr_line' id='line_1_25' title="bbox 157 1445 919 1495; baseline 0.001 -14"><span class='ocrx_word' id='word_1_130' title='bbox 157 1445 398 1487; x_wconf 73' lang='lat' dir='ltr'>consideratione</span> <span class='ocrx_word' id='word_1_131' title='bbox 419 1448 546 1493; x_wconf 70' lang='lat' dir='ltr'>quintae</span> <span class='ocrx_word' id='word_1_132' title='bbox 565 1448 746 1492; x_wconf 77' lang='lat' dir='ltr'>Effemiae,</span> <span class='ocrx_word' id='word_1_133' title='bbox 767 1448 822 1495; x_wconf 71' lang='lat' dir='ltr'>qui</span> <span class='ocrx_word' id='word_1_134' title='bbox 841 1462 919 1482; x_wconf 84' lang='lat' dir='ltr'>nun-</span> 
     </span>
     <span class='ocr_line' id='line_1_26' title="bbox 158 1497 917 1543; baseline 0.001 -12"><span class='ocrx_word' id='word_1_135' title='bbox 158 1507 289 1540; x_wconf 71' lang='lat' dir='ltr'>cupatur</span> <span class='ocrx_word' id='word_1_136' title='bbox 323 1499 434 1543; x_wconf 76' lang='lat' dir='ltr'>quinta</span> <span class='ocrx_word' id='word_1_137' title='bbox 465 1497 606 1539; x_wconf 69' lang='lat' dir='ltr'>Effemia</span> <span class='ocrx_word' id='word_1_138' title='bbox 643 1511 764 1537; x_wconf 80' lang='lat' dir='ltr'>rerum,</span> <span class='ocrx_word' id='word_1_139' title='bbox 792 1503 917 1532; x_wconf 75' lang='lat' dir='ltr'>traden-</span> 
     </span>
     <span class='ocr_line' id='line_1_27' title="bbox 156 1547 919 1594; baseline 0.004 -13"><span class='ocrx_word' id='word_1_140' title='bbox 156 1552 216 1581; x_wconf 76' lang='lat' dir='ltr'>dus</span> <span class='ocrx_word' id='word_1_141' title='bbox 243 1549 450 1594; x_wconf 67' lang='lat' dir='ltr'>pauperibus.</span> <span class='ocrx_word' id='word_1_142' title='bbox 480 1548 563 1583; x_wconf 77' lang='lat' dir='ltr'>fuit</span> <span class='ocrx_word' id='word_1_143' title='bbox 592 1547 648 1583; x_wconf 86' lang='lat' dir='ltr'>hic</span> <span class='ocrx_word' id='word_1_144' title='bbox 674 1548 831 1593; x_wconf 86' lang='lat' dir='ltr'>Scriptor</span> <span class='ocrx_word' id='word_1_145' title='bbox 854 1551 919 1584; x_wconf 83' lang='lat' dir='ltr'>Or—</span> 
     </span>
     <span class='ocr_line' id='line_1_28' title="bbox 156 1597 917 1636; baseline 0.004 -4"><span class='ocrx_word' id='word_1_146' title='bbox 156 1597 251 1633; x_wconf 87' lang='lat' dir='ltr'>dinis</span> <span class='ocrx_word' id='word_1_147' title='bbox 273 1599 454 1633; x_wconf 82' lang='lat' dir='ltr'>Minorurn</span> <span class='ocrx_word' id='word_1_148' title='bbox 471 1623 479 1636; x_wconf 92' lang='lat'>,</span> <span class='ocrx_word' id='word_1_149' title='bbox 499 1599 532 1632; x_wconf 86' lang='lat'>&amp;</span> <span class='ocrx_word' id='word_1_150' title='bbox 562 1597 655 1634; x_wconf 83' lang='lat' dir='ltr'>vixit</span> <span class='ocrx_word' id='word_1_151' title='bbox 681 1599 824 1635; x_wconf 84' lang='lat' dir='ltr'>circiter</span> <span class='ocrx_word' id='word_1_152' title='bbox 843 1601 917 1635; x_wconf 85' lang='lat' dir='ltr'>An-</span> 
     </span>
     <span class='ocr_line' id='line_1_29' title="bbox 154 1649 919 1697; baseline 0.004 -14"><span class='ocrx_word' id='word_1_153' title='bbox 154 1659 239 1683; x_wconf 84' lang='lat' dir='ltr'>num</span> <span class='ocrx_word' id='word_1_154' title='bbox 267 1650 456 1684; x_wconf 77' lang='lat' dir='ltr'>Mccxt..</span> <span class='ocrx_word' id='word_1_155' title='bbox 477 1651 705 1695; x_wconf 81' lang='lat' dir='ltr'>Quantopere</span> <span class='ocrx_word' id='word_1_156' title='bbox 728 1649 840 1697; x_wconf 82' lang='lat' dir='ltr'>postea</span> <span class='ocrx_word' id='word_1_157' title='bbox 865 1651 919 1686; x_wconf 91' lang='lat' dir='ltr'>in-</span> 
     </span>
     <span class='ocr_line' id='line_1_30' title="bbox 153 1698 918 1740; baseline 0.003 -7"><span class='ocrx_word' id='word_1_158' title='bbox 153 1698 332 1740; x_wconf 82' lang='lat' dir='ltr'>valuerit,</span> <span class='ocrx_word' id='word_1_159' title='bbox 360 1700 392 1734; x_wconf 87' lang='lat'>&amp;</span> <span class='ocrx_word' id='word_1_160' title='bbox 423 1699 534 1734; x_wconf 84' lang='lat' dir='ltr'>adhuc</span> <span class='ocrx_word' id='word_1_161' title='bbox 562 1699 599 1734; x_wconf 88' lang='lat' dir='ltr'>in</span> <span class='ocrx_word' id='word_1_162' title='bbox 637 1700 767 1735; x_wconf 87' lang='lat' dir='ltr'>honore</span> <span class='ocrx_word' id='word_1_163' title='bbox 796 1703 828 1735; x_wconf 87' lang='lat'>&amp;</span> <span class='ocrx_word' id='word_1_164' title='bbox 859 1701 918 1735; x_wconf 89' lang='lat' dir='ltr'>usu</span> 
     </span>
     <span class='ocr_line' id='line_1_31' title="bbox 153 1747 918 1796; baseline -0.001 -13"><span class='ocrx_word' id='word_1_165' title='bbox 153 1747 195 1783; x_wconf 77' lang='lat' dir='ltr'>sit</span> <span class='ocrx_word' id='word_1_166' title='bbox 223 1749 311 1792; x_wconf 85' lang='lat' dir='ltr'>apud</span> <span class='ocrx_word' id='word_1_167' title='bbox 341 1762 411 1782; x_wconf 89' lang='lat' dir='ltr'>non</span> <span class='ocrx_word' id='word_1_168' title='bbox 450 1762 576 1794; x_wconf 88' lang='lat' dir='ltr'>paucos</span> <span class='ocrx_word' id='word_1_169' title='bbox 614 1749 807 1796; x_wconf 83' lang='lat' dir='ltr'>perniciosa</span> <span class='ocrx_word' id='word_1_170' title='bbox 835 1750 918 1783; x_wconf 85' lang='lat' dir='ltr'>haec</span> 
     </span>
     <span class='ocr_line' id='line_1_32' title="bbox 153 1796 916 1836; baseline 0.003 -5"><span class='ocrx_word' id='word_1_171' title='bbox 153 1798 311 1832; x_wconf 85' lang='lat' dir='ltr'>dulcium</span> <span class='ocrx_word' id='word_1_172' title='bbox 352 1796 596 1831; x_wconf 76' lang='lat' dir='ltr'>desideriorum</span> <span class='ocrx_word' id='word_1_173' title='bbox 638 1797 808 1836; x_wconf 84' lang='lat' dir='ltr'>officina,</span> <span class='ocrx_word' id='word_1_174' title='bbox 846 1811 916 1833; x_wconf 90' lang='lat' dir='ltr'>non</span> 
     </span>
     <span class='ocr_line' id='line_1_33' title="bbox 153 1846 912 1895; baseline 0.004 -14"><span class='ocrx_word' id='word_1_175' title='bbox 153 1846 199 1882; x_wconf 85' lang='lat' dir='ltr'>est</span> <span class='ocrx_word' id='word_1_176' title='bbox 227 1847 328 1895; x_wconf 88' lang='lat' dir='ltr'>hujus</span> <span class='ocrx_word' id='word_1_177' title='bbox 364 1847 437 1882; x_wconf 88' lang='lat' dir='ltr'>loci</span> <span class='ocrx_word' id='word_1_178' title='bbox 464 1847 666 1895; x_wconf 84' lang='lat' dir='ltr'>inquirere,</span> <span class='ocrx_word' id='word_1_179' title='bbox 695 1857 754 1883; x_wconf 89' lang='lat' dir='ltr'>aut</span> <span class='ocrx_word' id='word_1_180' title='bbox 789 1848 912 1884; x_wconf 79' lang='lat' dir='ltr'>memi-</span> 
     </span>
    </p>
   </div>
   <div class='ocr_carea' id='block_1_6' title="bbox 155 1898 914 1992">
    <p class='ocr_par' dir='ltr' id='par_1_6' title="bbox 155 1898 914 1992">
     <span class='ocr_line' id='line_1_34' title="bbox 155 1898 261 1933; baseline 0.009 -1"><span class='ocrx_word' id='word_1_181' title='bbox 155 1898 261 1933; x_wconf 80' lang='lat' dir='ltr'>niffe.</span> 
     </span>
     <span class='ocr_line' id='line_1_35' title="bbox 205 1945 914 1992; baseline 0.003 -11"><span class='ocrx_word' id='word_1_182' title='bbox 205 1946 297 1982; x_wconf 90' lang='lat' dir='ltr'>Illud</span> <span class='ocrx_word' id='word_1_183' title='bbox 336 1946 453 1992; x_wconf 70' lang='lat' dir='ltr'>potius</span> <span class='ocrx_word' id='word_1_184' title='bbox 489 1945 797 1987; x_wconf 79' lang='lat' dir='ltr'>animadvertam,</span> <span class='ocrx_word' id='word_1_185' title='bbox 834 1958 914 1983; x_wconf 86' lang='lat' dir='ltr'>ante</span> 
     </span>
    </p>
   </div>
   <div class='ocr_carea' id='block_1_7' title="bbox 149 1995 912 2604">
    <p class='ocr_par' dir='ltr' id='par_1_7' title="bbox 149 1995 912 2604">
     <span class='ocr_line' id='line_1_36' title="bbox 153 1995 912 2046; baseline 0 -14"><span class='ocrx_word' id='word_1_186' title='bbox 153 2009 280 2046; x_wconf 81' lang='lat' dir='ltr'>paucos</span> <span class='ocrx_word' id='word_1_187' title='bbox 309 2010 416 2031; x_wconf 86' lang='lat' dir='ltr'>annos</span> <span class='ocrx_word' id='word_1_188' title='bbox 445 1995 595 2032; x_wconf 77' lang='lat' dir='ltr'>floruisse</span> <span class='ocrx_word' id='word_1_189' title='bbox 624 1995 759 2042; x_wconf 91' lang='lat' dir='ltr'>(idque</span> <span class='ocrx_word' id='word_1_190' title='bbox 787 1998 912 2032; x_wconf 83' lang='lat' dir='ltr'>Erudi-</span> 
     </span>
     <span class='ocr_line' id='line_1_37' title="bbox 152 2046 911 2094; baseline -0.003 -11"><span class='ocrx_word' id='word_1_191' title='bbox 152 2047 198 2083; x_wconf 84' lang='lat' dir='ltr'>tis</span> <span class='ocrx_word' id='word_1_192' title='bbox 228 2046 345 2094; x_wconf 84' lang='lat' dir='ltr'>jandiu</span> <span class='ocrx_word' id='word_1_193' title='bbox 378 2047 529 2094; x_wconf 89' lang='lat' dir='ltr'>notum)</span> <span class='ocrx_word' id='word_1_194' title='bbox 567 2046 604 2082; x_wconf 89' lang='lat' dir='ltr'>in</span> <span class='ocrx_word' id='word_1_195' title='bbox 644 2046 798 2082; x_wconf 83' lang='lat' dir='ltr'>maxima</span> <span class='ocrx_word' id='word_1_196' title='bbox 827 2049 911 2082; x_wconf 87' lang='lat' dir='ltr'>Gal-</span> 
     </span>
     <span class='ocr_line' id='line_1_38' title="bbox 152 2097 910 2134; baseline 0 -1"><span class='ocrx_word' id='word_1_197' title='bbox 152 2098 278 2133; x_wconf 83' lang='lat' dir='ltr'>liarum</span> <span class='ocrx_word' id='word_1_198' title='bbox 309 2098 402 2132; x_wconf 88' lang='lat' dir='ltr'>Urbe</span> <span class='ocrx_word' id='word_1_199' title='bbox 442 2097 555 2132; x_wconf 88' lang='lat' dir='ltr'>virum</span> <span class='ocrx_word' id='word_1_200' title='bbox 587 2107 661 2132; x_wconf 88' lang='lat' dir='ltr'>turn</span> <span class='ocrx_word' id='word_1_201' title='bbox 702 2097 796 2133; x_wconf 68' lang='lat' dir='ltr'>varia</span> <span class='ocrx_word' id='word_1_202' title='bbox 825 2100 910 2134; x_wconf 83' lang='lat' dir='ltr'>Eru-</span> 
     </span>
     <span class='ocr_line' id='line_1_39' title="bbox 151 2147 911 2191; baseline -0.001 -7"><span class='ocrx_word' id='word_1_203' title='bbox 151 2148 314 2191; x_wconf 83' lang='lat' dir='ltr'>ditione,</span> <span class='ocrx_word' id='word_1_204' title='bbox 351 2158 425 2183; x_wconf 88' lang='lat' dir='ltr'>tum</span> <span class='ocrx_word' id='word_1_205' title='bbox 464 2147 567 2183; x_wconf 85' lang='lat' dir='ltr'>editis</span> <span class='ocrx_word' id='word_1_206' title='bbox 605 2148 727 2184; x_wconf 89' lang='lat' dir='ltr'>Libris</span> <span class='ocrx_word' id='word_1_207' title='bbox 767 2148 911 2184; x_wconf 82' lang='lat' dir='ltr'>clariffi-</span> 
     </span>
     <span class='ocr_line' id='line_1_40' title="bbox 150 2198 910 2247; baseline 0.001 -13"><span class='ocrx_word' id='word_1_208' title='bbox 150 2212 270 2238; x_wconf 84' lang='lat' dir='ltr'>mum,</span> <span class='ocrx_word' id='word_1_209' title='bbox 298 2211 400 2247; x_wconf 89' lang='lat' dir='ltr'>quem</span> <span class='ocrx_word' id='word_1_210' title='bbox 430 2198 631 2234; x_wconf 84' lang='lat' dir='ltr'>admiranda</span> <span class='ocrx_word' id='word_1_211' title='bbox 658 2199 783 2246; x_wconf 91' lang='lat' dir='ltr'>opinio</span> <span class='ocrx_word' id='word_1_212' title='bbox 811 2200 910 2235; x_wconf 78' lang='lat' dir='ltr'>inva—</span> 
     </span>
     <span class='ocr_line' id='line_1_41' title="bbox 152 2249 909 2299; baseline 0.003 -15"><span class='ocrx_word' id='word_1_213' title='bbox 152 2249 221 2286; x_wconf 81' lang='lat' dir='ltr'>fiffe</span> <span class='ocrx_word' id='word_1_214' title='bbox 258 2249 366 2285; x_wconf 86' lang='lat' dir='ltr'>fertur</span> <span class='ocrx_word' id='word_1_215' title='bbox 394 2250 493 2296; x_wconf 86' lang='lat' dir='ltr'>(ipso</span> <span class='ocrx_word' id='word_1_216' title='bbox 522 2260 637 2285; x_wconf 80' lang='lat' dir='ltr'>tamen</span> <span class='ocrx_word' id='word_1_217' title='bbox 673 2251 909 2299; x_wconf 76' lang='lat' dir='ltr'>perneganre)</span> 
     </span>
     <span class='ocr_line' id='line_1_42' title="bbox 149 2299 907 2350; baseline 0.001 -14"><span class='ocrx_word' id='word_1_218' title='bbox 149 2300 341 2342; x_wconf 77' lang='lat' dir='ltr'>videlicet,</span> <span class='ocrx_word' id='word_1_219' title='bbox 380 2299 401 2334; x_wconf 88' lang='lat' dir='ltr'>s1</span> <span class='ocrx_word' id='word_1_220' title='bbox 440 2299 546 2335; x_wconf 85' lang='lat' dir='ltr'>sacras</span> <span class='ocrx_word' id='word_1_221' title='bbox 583 2300 775 2350; x_wconf 79' lang='lat' dir='ltr'>Scripturas</span> <span class='ocrx_word' id='word_1_222' title='bbox 812 2301 907 2337; x_wconf 85' lang='lat' dir='ltr'>exci-</span> 
     </span>
     <span class='ocr_line' id='line_1_43' title="bbox 151 2350 907 2400; baseline 0 -13"><span class='ocrx_word' id='word_1_223' title='bbox 151 2351 252 2400; x_wconf 83' lang='lat' dir='ltr'>pias,</span> <span class='ocrx_word' id='word_1_224' title='bbox 288 2350 476 2395; x_wconf 83' lang='lat' dir='ltr'>Tullium,</span> <span class='ocrx_word' id='word_1_225' title='bbox 507 2350 731 2400; x_wconf 85' lang='lat' dir='ltr'>Vergilium,</span> <span class='ocrx_word' id='word_1_226' title='bbox 759 2366 798 2388; x_wconf 90' lang='lat' dir='ltr'>ac</span> <span class='ocrx_word' id='word_1_227' title='bbox 837 2351 907 2387; x_wconf 86' lang='lat' dir='ltr'>Pli-</span> 
     </span>
     <span class='ocr_line' id='line_1_44' title="bbox 152 2401 908 2450; baseline 0.003 -14"><span class='ocrx_word' id='word_1_228' title='bbox 152 2402 278 2445; x_wconf 83' lang='lat' dir='ltr'>nium,</span> <span class='ocrx_word' id='word_1_229' title='bbox 316 2401 469 2449; x_wconf 84' lang='lat' dir='ltr'>reliquos</span> <span class='ocrx_word' id='word_1_230' title='bbox 511 2402 736 2450; x_wconf 82' lang='lat' dir='ltr'>antiquitatis</span> <span class='ocrx_word' id='word_1_231' title='bbox 779 2403 908 2440; x_wconf 86' lang='lat' dir='ltr'>Libros</span> 
     </span>
     <span class='ocr_line' id='line_1_45' title="bbox 153 2450 909 2501; baseline 0.001 -14"><span class='ocrx_word' id='word_1_232' title='bbox 153 2450 318 2499; x_wconf 83' lang='lat' dir='ltr'>figmenta</span> <span class='ocrx_word' id='word_1_233' title='bbox 340 2452 437 2488; x_wconf 73' lang='lat' dir='ltr'>fuiffe</span> <span class='ocrx_word' id='word_1_234' title='bbox 453 2453 707 2489; x_wconf 78' lang='lat' dir='ltr'>monachorum</span> <span class='ocrx_word' id='word_1_235' title='bbox 723 2481 732 2497; x_wconf 95' lang='lat'>,</span> <span class='ocrx_word' id='word_1_236' title='bbox 749 2455 808 2501; x_wconf 86' lang='lat' dir='ltr'>qui</span> <span class='ocrx_word' id='word_1_237' title='bbox 831 2457 909 2489; x_wconf 82' lang='lat' dir='ltr'>Sae—</span> 
     </span>
     <span class='ocr_line' id='line_1_46' title="bbox 154 2503 907 2543; baseline 0.007 -8"><span class='ocrx_word' id='word_1_238' title='bbox 154 2503 242 2536; x_wconf 74' lang='lat' dir='ltr'>culis</span> <span class='ocrx_word' id='word_1_239' title='bbox 267 2504 452 2539; x_wconf 81' lang='lat' dir='ltr'>barbaricis</span> <span class='ocrx_word' id='word_1_240' title='bbox 475 2504 589 2543; x_wconf 86' lang='lat' dir='ltr'>otium</span> <span class='ocrx_word' id='word_1_241' title='bbox 616 2518 654 2539; x_wconf 89' lang='lat' dir='ltr'>ac</span> <span class='ocrx_word' id='word_1_242' title='bbox 681 2505 907 2543; x_wconf 83' lang='lat' dir='ltr'>solitudinem</span> 
     </span>
     <span class='ocr_line' id='line_1_47' title="bbox 152 2553 908 2604; baseline 0.008 -18"><span class='ocrx_word' id='word_1_243' title='bbox 152 2563 223 2587; x_wconf 86' lang='lat' dir='ltr'>non</span> <span class='ocrx_word' id='word_1_244' title='bbox 250 2553 319 2586; x_wconf 66' lang='lat' dir='ltr'>alia</span> <span class='ocrx_word' id='word_1_245' title='bbox 353 2554 489 2588; x_wconf 85' lang='lat' dir='ltr'>ratione</span> <span class='ocrx_word' id='word_1_246' title='bbox 523 2555 719 2591; x_wconf 84' lang='lat' dir='ltr'>demulcere</span> <span class='ocrx_word' id='word_1_247' title='bbox 756 2555 789 2592; x_wconf 90' lang='lat' dir='ltr'>se</span> <span class='ocrx_word' id='word_1_248' title='bbox 817 2555 908 2604; x_wconf 82' lang='lat' dir='ltr'>poffe</span> 
     </span>
    </p>
   </div>
   <div class='ocr_carea' id='block_1_8' title="bbox 1022 335 1799 2644">
    <p class='ocr_par' dir='ltr' id='par_1_8' title="bbox 1022 335 1799 2644">
     <span class='ocr_line' id='line_1_48' title="bbox 1037 335 1796 378; baseline 0.008 -6"><span class='ocrx_word' id='word_1_249' title='bbox 1037 335 1179 375; x_wconf 88' lang='lat' dir='ltr'>Libris,</span> <span class='ocrx_word' id='word_1_250' title='bbox 1207 335 1269 370; x_wconf 88' lang='lat' dir='ltr'>hos</span> <span class='ocrx_word' id='word_1_251' title='bbox 1297 346 1454 372; x_wconf 86' lang='lat' dir='ltr'>veterum</span> <span class='ocrx_word' id='word_1_252' title='bbox 1492 340 1701 376; x_wconf 86' lang='lat' dir='ltr'>Latinorum</span> <span class='ocrx_word' id='word_1_253' title='bbox 1732 355 1796 378; x_wconf 90' lang='lat' dir='ltr'>no-</span> 
     </span>
     <span class='ocr_line' id='line_1_49' title="bbox 1037 385 1796 437; baseline 0.009 -16"><span class='ocrx_word' id='word_1_254' title='bbox 1037 385 1134 422; x_wconf 89' lang='lat' dir='ltr'>mine</span> <span class='ocrx_word' id='word_1_255' title='bbox 1170 385 1421 427; x_wconf 80' lang='lat' dir='ltr'>inscribentes,</span> <span class='ocrx_word' id='word_1_256' title='bbox 1458 396 1497 423; x_wconf 90' lang='lat' dir='ltr'>ut</span> <span class='ocrx_word' id='word_1_257' title='bbox 1533 398 1592 424; x_wconf 77' lang='lat' dir='ltr'>aut</span> <span class='ocrx_word' id='word_1_258' title='bbox 1628 393 1796 437; x_wconf 73' lang='lat' dir='ltr'>majorem</span> 
     </span>
     <span class='ocr_line' id='line_1_50' title="bbox 1037 435 1796 485; baseline 0.005 -12"><span class='ocrx_word' id='word_1_259' title='bbox 1037 435 1084 473; x_wconf 88' lang='lat' dir='ltr'>iis</span> <span class='ocrx_word' id='word_1_260' title='bbox 1112 435 1241 472; x_wconf 86' lang='lat' dir='ltr'>famam</span> <span class='ocrx_word' id='word_1_261' title='bbox 1279 448 1544 485; x_wconf 87' lang='lat' dir='ltr'>compararent,</span> <span class='ocrx_word' id='word_1_262' title='bbox 1572 449 1633 475; x_wconf 85' lang='lat' dir='ltr'>aut</span> <span class='ocrx_word' id='word_1_263' title='bbox 1670 442 1796 478; x_wconf 82' lang='lat' dir='ltr'>cariori</span> 
     </span>
     <span class='ocr_line' id='line_1_51' title="bbox 1039 487 1797 537; baseline 0.005 -14"><span class='ocrx_word' id='word_1_264' title='bbox 1039 487 1154 536; x_wconf 87' lang='lat' dir='ltr'>pretio</span> <span class='ocrx_word' id='word_1_265' title='bbox 1172 487 1421 524; x_wconf 88' lang='lat' dir='ltr'>divenderent.</span> <span class='ocrx_word' id='word_1_266' title='bbox 1441 491 1522 524; x_wconf 90' lang='lat' dir='ltr'>Non</span> <span class='ocrx_word' id='word_1_267' title='bbox 1543 490 1572 525; x_wconf 89' lang='lat' dir='ltr'>is</span> <span class='ocrx_word' id='word_1_268' title='bbox 1593 499 1685 526; x_wconf 83' lang='lat' dir='ltr'>certe</span> <span class='ocrx_word' id='word_1_269' title='bbox 1703 491 1771 527; x_wconf 88' lang='lat' dir='ltr'>sum</span> <span class='ocrx_word' id='word_1_270' title='bbox 1787 520 1797 537; x_wconf 89' lang='lat'>,</span> 
     </span>
     <span class='ocr_line' id='line_1_52' title="bbox 1037 538 1798 587; baseline 0.007 -14"><span class='ocrx_word' id='word_1_271' title='bbox 1037 538 1098 586; x_wconf 90' lang='lat' dir='ltr'>qui</span> <span class='ocrx_word' id='word_1_272' title='bbox 1137 538 1225 574; x_wconf 87' lang='lat' dir='ltr'>hanc</span> <span class='ocrx_word' id='word_1_273' title='bbox 1268 538 1473 587; x_wconf 86' lang='lat' dir='ltr'>opinionem</span> <span class='ocrx_word' id='word_1_274' title='bbox 1514 540 1659 577; x_wconf 87' lang='lat' dir='ltr'>homine</span> <span class='ocrx_word' id='word_1_275' title='bbox 1700 542 1798 578; x_wconf 86' lang='lat' dir='ltr'>sanae</span> 
     </span>
     <span class='ocr_line' id='line_1_53' title="bbox 1037 587 1799 641; baseline 0.005 -17"><span class='ocrx_word' id='word_1_276' title='bbox 1037 588 1167 625; x_wconf 88' lang='lat' dir='ltr'>mentis</span> <span class='ocrx_word' id='word_1_277' title='bbox 1192 590 1226 624; x_wconf 92' lang='lat'>&amp;</span> <span class='ocrx_word' id='word_1_278' title='bbox 1247 587 1443 625; x_wconf 75' lang='lat' dir='ltr'>catholico</span> <span class='ocrx_word' id='word_1_279' title='bbox 1467 590 1673 640; x_wconf 85' lang='lat' dir='ltr'>indignam,</span> <span class='ocrx_word' id='word_1_280' title='bbox 1695 603 1799 641; x_wconf 86' lang='lat' dir='ltr'>utpo-</span> 
     </span>
     <span class='ocr_line' id='line_1_54' title="bbox 1037 638 1798 689; baseline 0.007 -15"><span class='ocrx_word' id='word_1_281' title='bbox 1037 649 1073 675; x_wconf 87' lang='lat' dir='ltr'>te</span> <span class='ocrx_word' id='word_1_282' title='bbox 1093 653 1181 687; x_wconf 87' lang='lat' dir='ltr'>quae</span> <span class='ocrx_word' id='word_1_283' title='bbox 1197 638 1217 657; x_wconf 77' lang='lat'><strong>*</strong></span> <span class='ocrx_word' id='word_1_284' title='bbox 1231 639 1475 688; x_wconf 86' lang='lat' dir='ltr'>Septicismum</span> <span class='ocrx_word' id='word_1_285' title='bbox 1490 669 1501 684; x_wconf 89' lang='lat'>,</span> <span class='ocrx_word' id='word_1_286' title='bbox 1521 641 1634 678; x_wconf 88' lang='lat' dir='ltr'>immo</span> <span class='ocrx_word' id='word_1_287' title='bbox 1654 644 1686 677; x_wconf 72' lang='lat'>8&lt;</span> <span class='ocrx_word' id='word_1_288' title='bbox 1713 646 1798 689; x_wconf 88' lang='lat' dir='ltr'>Pyr-</span> 
     </span>
     <span class='ocr_line' id='line_1_55' title="bbox 1037 689 1799 739; baseline 0.008 -15"><span class='ocrx_word' id='word_1_289' title='bbox 1037 689 1254 725; x_wconf 75' lang='lat' dir='ltr'>rhonilinum</span> <span class='ocrx_word' id='word_1_290' title='bbox 1286 690 1446 735; x_wconf 88' lang='lat' dir='ltr'>invehit,</span> <span class='ocrx_word' id='word_1_291' title='bbox 1471 693 1504 727; x_wconf 74' lang='grc' dir='ltr'>δε</span> <span class='ocrx_word' id='word_1_292' title='bbox 1531 706 1590 739; x_wconf 89' lang='lat' dir='ltr'>per</span> <span class='ocrx_word' id='word_1_293' title='bbox 1613 693 1704 729; x_wconf 80' lang='lat' dir='ltr'>latus</span> <span class='ocrx_word' id='word_1_294' title='bbox 1732 696 1799 730; x_wconf 89' lang='lat' dir='ltr'>Re·-</span> 
     </span>
     <span class='ocr_line' id='line_1_56' title="bbox 1037 740 1798 789; baseline 0.008 -15"><span class='ocrx_word' id='word_1_295' title='bbox 1037 740 1167 789; x_wconf 80' lang='lat' dir='ltr'>ligioni</span> <span class='ocrx_word' id='word_1_296' title='bbox 1196 740 1425 777; x_wconf 66' lang='lat' dir='ltr'>sana&#39;sffimae</span> <span class='ocrx_word' id='word_1_297' title='bbox 1452 744 1595 779; x_wconf 85' lang='lat' dir='ltr'>vulnera</span> <span class='ocrx_word' id='word_1_298' title='bbox 1633 757 1703 779; x_wconf 89' lang='lat' dir='ltr'>non</span> <span class='ocrx_word' id='word_1_299' title='bbox 1731 758 1798 781; x_wconf 87' lang='lat' dir='ltr'>una</span> 
     </span>
     <span class='ocr_line' id='line_1_57' title="bbox 1036 791 1796 838; baseline 0.008 -13"><span class='ocrx_word' id='word_1_300' title='bbox 1036 792 1166 835; x_wconf 73' lang='lat' dir='ltr'>infert,</span> <span class='ocrx_word' id='word_1_301' title='bbox 1195 791 1352 828; x_wconf 88' lang='lat' dir='ltr'>refellere</span> <span class='ocrx_word' id='word_1_302' title='bbox 1381 793 1510 829; x_wconf 85' lang='lat' dir='ltr'>velim.</span> <span class='ocrx_word' id='word_1_303' title='bbox 1542 795 1668 838; x_wconf 87' lang='lat' dir='ltr'>Jandiu</span> <span class='ocrx_word' id='word_1_304' title='bbox 1696 795 1796 831; x_wconf 88' lang='lat' dir='ltr'>illam</span> 
     </span>
     <span class='ocr_line' id='line_1_58' title="bbox 1038 840 1798 893; baseline 0.008 -17"><span class='ocrx_word' id='word_1_305' title='bbox 1038 840 1209 890; x_wconf 86' lang='lat' dir='ltr'>sapientes</span> <span class='ocrx_word' id='word_1_306' title='bbox 1235 842 1303 878; x_wconf 83' lang='lat' dir='ltr'>viri</span> <span class='ocrx_word' id='word_1_307' title='bbox 1332 844 1579 889; x_wconf 73' lang='lat' dir='ltr'>confutarunt,</span> <span class='ocrx_word' id='word_1_308' title='bbox 1605 855 1709 893; x_wconf 82' lang='lat' dir='ltr'>atque</span> <span class='ocrx_word' id='word_1_309' title='bbox 1736 860 1798 882; x_wconf 79' lang='lat' dir='ltr'>ex—</span> 
     </span>
     <span class='ocr_line' id='line_1_59' title="bbox 1039 893 1796 942; baseline 0.007 -15"><span class='ocrx_word' id='word_1_310' title='bbox 1039 893 1243 941; x_wconf 64' lang='lat' dir='ltr'>ploseruntg</span> <span class='ocrx_word' id='word_1_311' title='bbox 1273 893 1412 942; x_wconf 82' lang='lat' dir='ltr'>ipseque</span> <span class='ocrx_word' id='word_1_312' title='bbox 1440 894 1597 940; x_wconf 81' lang='lat' dir='ltr'>scriptor</span> <span class='ocrx_word' id='word_1_313' title='bbox 1629 899 1671 932; x_wconf 80' lang='lat' dir='ltr'>ab</span> <span class='ocrx_word' id='word_1_314' title='bbox 1698 911 1736 932; x_wconf 85' lang='lat' dir='ltr'>ea</span> <span class='ocrx_word' id='word_1_315' title='bbox 1764 896 1796 932; x_wconf 78' lang='lat' dir='ltr'>se</span> 
     </span>
     <span class='ocr_line' id='line_1_60' title="bbox 1035 943 1798 996; baseline 0.008 -19"><span class='ocrx_word' id='word_1_316' title='bbox 1035 943 1190 979; x_wconf 86' lang='lat' dir='ltr'>alienum</span> <span class='ocrx_word' id='word_1_317' title='bbox 1221 945 1358 992; x_wconf 70' lang='lat' dir='ltr'>publica</span> <span class='ocrx_word' id='word_1_318' title='bbox 1393 946 1640 993; x_wconf 79' lang='lat' dir='ltr'>protestatione</span> <span class='ocrx_word' id='word_1_319' title='bbox 1668 947 1798 996; x_wconf 86' lang='lat' dir='ltr'>profes-</span> 
     </span>
     <span class='ocr_line' id='line_1_61' title="bbox 1037 992 1798 1042; baseline 0.011 -15"><span class='ocrx_word' id='word_1_320' title='bbox 1037 992 1089 1028; x_wconf 91' lang='lat' dir='ltr'>sus</span> <span class='ocrx_word' id='word_1_321' title='bbox 1129 993 1218 1030; x_wconf 85' lang='lat' dir='ltr'>fuit.</span> <span class='ocrx_word' id='word_1_322' title='bbox 1256 996 1451 1031; x_wconf 82' lang='lat' dir='ltr'>Lirerariae</span> <span class='ocrx_word' id='word_1_323' title='bbox 1492 996 1692 1042; x_wconf 81' lang='lat' dir='ltr'>Historiae,</span> <span class='ocrx_word' id='word_1_324' title='bbox 1731 998 1798 1035; x_wconf 83' lang='lat' dir='ltr'>Li—</span> 
     </span>
     <span class='ocr_line' id='line_1_62' title="bbox 1037 1044 1797 1096; baseline 0.009 -18"><span class='ocrx_word' id='word_1_325' title='bbox 1037 1044 1246 1091; x_wconf 86' lang='lat' dir='ltr'>brorumque</span> <span class='ocrx_word' id='word_1_326' title='bbox 1274 1057 1429 1082; x_wconf 83' lang='lat' dir='ltr'>veterum</span> <span class='ocrx_word' id='word_1_327' title='bbox 1455 1048 1714 1094; x_wconf 84' lang='lat' dir='ltr'>aliquantulum</span> <span class='ocrx_word' id='word_1_328' title='bbox 1737 1062 1797 1096; x_wconf 85' lang='lat' dir='ltr'>pc·-</span> 
     </span>
     <span class='ocr_line' id='line_1_63' title="bbox 1035 1093 1796 1145; baseline 0.008 -17"><span class='ocrx_word' id='word_1_329' title='bbox 1035 1093 1143 1132; x_wconf 74' lang='lat' dir='ltr'>ritus,</span> <span class='ocrx_word' id='word_1_330' title='bbox 1174 1096 1276 1131; x_wconf 82' lang='lat' dir='ltr'>novit</span> <span class='ocrx_word' id='word_1_331' title='bbox 1305 1096 1403 1139; x_wconf 85' lang='lat' dir='ltr'>sane,</span> <span class='ocrx_word' id='word_1_332' title='bbox 1431 1098 1550 1145; x_wconf 86' lang='lat' dir='ltr'>aliqua</span> <span class='ocrx_word' id='word_1_333' title='bbox 1582 1112 1643 1133; x_wconf 85' lang='lat' dir='ltr'>nos</span> <span class='ocrx_word' id='word_1_334' title='bbox 1671 1099 1796 1134; x_wconf 84' lang='lat' dir='ltr'>habere</span> 
     </span>
     <span class='ocr_line' id='line_1_64' title="bbox 1035 1144 1795 1196; baseline 0.009 -18"><span class='ocrx_word' id='word_1_335' title='bbox 1035 1144 1184 1180; x_wconf 62' lang='lat' dir='ltr'>confiffla</span> <span class='ocrx_word' id='word_1_336' title='bbox 1221 1146 1263 1181; x_wconf 90' lang='lat' dir='ltr'>ab</span> <span class='ocrx_word' id='word_1_337' title='bbox 1300 1147 1480 1196; x_wconf 81' lang='lat' dir='ltr'>antiquis;</span> <span class='ocrx_word' id='word_1_338' title='bbox 1510 1148 1564 1184; x_wconf 87' lang='lat' dir='ltr'>sed</span> <span class='ocrx_word' id='word_1_339' title='bbox 1603 1148 1702 1185; x_wconf 87' lang='lat' dir='ltr'>fimul</span> <span class='ocrx_word' id='word_1_340' title='bbox 1739 1150 1795 1185; x_wconf 88' lang='lat' dir='ltr'>in-</span> 
     </span>
     <span class='ocr_line' id='line_1_65' title="bbox 1035 1195 1796 1248; baseline 0.009 -19"><span class='ocrx_word' id='word_1_341' title='bbox 1035 1195 1189 1243; x_wconf 81' lang='lat' dir='ltr'>telligit,</span> <span class='ocrx_word' id='word_1_342' title='bbox 1216 1196 1291 1232; x_wconf 82' lang='lat' dir='ltr'>fieri</span> <span class='ocrx_word' id='word_1_343' title='bbox 1313 1211 1489 1245; x_wconf 87' lang='lat' dir='ltr'>nunquam</span> <span class='ocrx_word' id='word_1_344' title='bbox 1511 1200 1656 1243; x_wconf 76' lang='lat' dir='ltr'>potuisse</span> <span class='ocrx_word' id='word_1_345' title='bbox 1673 1201 1796 1248; x_wconf 83' lang='lat' dir='ltr'>(prae-</span> 
     </span>
     <span class='ocr_line' id='line_1_66' title="bbox 1036 1245 1798 1298; baseline 0.01 -20"><span class='ocrx_word' id='word_1_346' title='bbox 1036 1245 1153 1279; x_wconf 78' lang='lat' dir='ltr'>sertim</span> <span class='ocrx_word' id='word_1_347' title='bbox 1183 1247 1275 1292; x_wconf 90' lang='lat' dir='ltr'>quod</span> <span class='ocrx_word' id='word_1_348' title='bbox 1303 1248 1347 1282; x_wconf 82' lang='lat' dir='ltr'>est</span> <span class='ocrx_word' id='word_1_349' title='bbox 1375 1249 1414 1283; x_wconf 91' lang='lat' dir='ltr'>ad</span> <span class='ocrx_word' id='word_1_350' title='bbox 1445 1248 1646 1298; x_wconf 83' lang='lat' dir='ltr'>Historica)</span> <span class='ocrx_word' id='word_1_351' title='bbox 1675 1261 1713 1286; x_wconf 86' lang='lat' dir='ltr'>ut</span> <span class='ocrx_word' id='word_1_352' title='bbox 1742 1259 1798 1287; x_wconf 90' lang='lat' dir='ltr'>tot</span> 
     </span>
     <span class='ocr_line' id='line_1_67' title="bbox 1034 1294 1796 1348; baseline 0.01 -20"><span class='ocrx_word' id='word_1_353' title='bbox 1034 1294 1194 1329; x_wconf 88' lang='lat' dir='ltr'>homines</span> <span class='ocrx_word' id='word_1_354' title='bbox 1225 1297 1265 1330; x_wconf 87' lang='lat' dir='ltr'>ad</span> <span class='ocrx_word' id='word_1_355' title='bbox 1297 1307 1352 1332; x_wconf 91' lang='lat' dir='ltr'>tot</span> <span class='ocrx_word' id='word_1_356' title='bbox 1388 1299 1582 1345; x_wconf 71' lang='lat' dir='ltr'>effingenda</span> <span class='ocrx_word' id='word_1_357' title='bbox 1621 1301 1796 1348; x_wconf 84' lang='lat' dir='ltr'>conspira—</span> 
     </span>
     <span class='ocr_line' id='line_1_68' title="bbox 1034 1344 1796 1397; baseline 0.01 -18"><span class='ocrx_word' id='word_1_358' title='bbox 1034 1344 1127 1380; x_wconf 85' lang='lat' dir='ltr'>rint.</span> <span class='ocrx_word' id='word_1_359' title='bbox 1156 1347 1202 1379; x_wconf 80' lang='lat' dir='ltr'>Et</span> <span class='ocrx_word' id='word_1_360' title='bbox 1243 1345 1262 1379; x_wconf 85' lang='lat' dir='ltr'>fi</span> <span class='ocrx_word' id='word_1_361' title='bbox 1292 1347 1369 1393; x_wconf 83' lang='lat' dir='ltr'>quis</span> <span class='ocrx_word' id='word_1_362' title='bbox 1407 1349 1513 1383; x_wconf 78' lang='lat' dir='ltr'>etiam</span> <span class='ocrx_word' id='word_1_363' title='bbox 1552 1351 1796 1397; x_wconf 60' lang='lat' dir='ltr'>conspirasset„</span> 
     </span>
     <span class='ocr_line' id='line_1_69' title="bbox 1036 1395 1798 1437; baseline 0.01 -8"><span class='ocrx_word' id='word_1_364' title='bbox 1036 1395 1125 1430; x_wconf 81' lang='lat' dir='ltr'>vires</span> <span class='ocrx_word' id='word_1_365' title='bbox 1163 1396 1311 1431; x_wconf 88' lang='lat' dir='ltr'>omnino</span> <span class='ocrx_word' id='word_1_366' title='bbox 1348 1397 1381 1432; x_wconf 86' lang='lat' dir='ltr'>ei</span> <span class='ocrx_word' id='word_1_367' title='bbox 1418 1398 1593 1434; x_wconf 75' lang='lat' dir='ltr'>defuturas</span> <span class='ocrx_word' id='word_1_368' title='bbox 1631 1400 1727 1436; x_wconf 78' lang='lat' dir='ltr'>fuisse</span> <span class='ocrx_word' id='word_1_369' title='bbox 1755 1401 1798 1437; x_wconf 85' lang='lat' dir='ltr'>ad</span> 
     </span>
     <span class='ocr_line' id='line_1_70' title="bbox 1035 1446 1798 1496; baseline 0.009 -16"><span class='ocrx_word' id='word_1_370' title='bbox 1035 1446 1252 1482; x_wconf 81' lang='lat' dir='ltr'>mentiendas</span> <span class='ocrx_word' id='word_1_371' title='bbox 1282 1447 1374 1483; x_wconf 91' lang='lat' dir='ltr'>bono</span> <span class='ocrx_word' id='word_1_372' title='bbox 1411 1449 1533 1496; x_wconf 85' lang='lat' dir='ltr'>aliquo</span> <span class='ocrx_word' id='word_1_373' title='bbox 1561 1452 1677 1486; x_wconf 87' lang='lat' dir='ltr'>colore</span> <span class='ocrx_word' id='word_1_374' title='bbox 1704 1451 1798 1487; x_wconf 75' lang='lat' dir='ltr'>anti-</span> 
     </span>
     <span class='ocr_line' id='line_1_71' title="bbox 1034 1498 1797 1550; baseline 0.009 -19"><span class='ocrx_word' id='word_1_375' title='bbox 1034 1510 1182 1544; x_wconf 88' lang='lat' dir='ltr'>quorum</span> <span class='ocrx_word' id='word_1_376' title='bbox 1225 1511 1275 1533; x_wconf 86' lang='lat' dir='ltr'>res</span> <span class='ocrx_word' id='word_1_377' title='bbox 1312 1498 1439 1546; x_wconf 82' lang='lat' dir='ltr'>gestas,</span> <span class='ocrx_word' id='word_1_378' title='bbox 1471 1501 1502 1534; x_wconf 73' lang='lat'>8&lt;</span> <span class='ocrx_word' id='word_1_379' title='bbox 1544 1513 1603 1548; x_wconf 83' lang='lat' dir='ltr'>per</span> <span class='ocrx_word' id='word_1_380' title='bbox 1639 1511 1797 1550; x_wconf 82' lang='lat' dir='ltr'>tempora</span> 
     </span>
     <span class='ocr_line' id='line_1_72' title="bbox 1033 1547 1798 1597; baseline 0.008 -16"><span class='ocrx_word' id='word_1_381' title='bbox 1033 1547 1302 1586; x_wconf 84' lang='lat' dir='ltr'>distribuendas,</span> <span class='ocrx_word' id='word_1_382' title='bbox 1333 1549 1394 1583; x_wconf 85' lang='lat' dir='ltr'>nifi</span> <span class='ocrx_word' id='word_1_383' title='bbox 1434 1550 1629 1585; x_wconf 84' lang='lat' dir='ltr'>Historicos</span> <span class='ocrx_word' id='word_1_384' title='bbox 1661 1565 1798 1597; x_wconf 85' lang='lat' dir='ltr'>praece-</span> 
     </span>
     <span class='ocr_line' id='line_1_73' title="bbox 1033 1597 1797 1646; baseline 0.008 -15"><span class='ocrx_word' id='word_1_385' title='bbox 1033 1597 1152 1632; x_wconf 86' lang='lat' dir='ltr'>dentes</span> <span class='ocrx_word' id='word_1_386' title='bbox 1183 1610 1260 1643; x_wconf 86' lang='lat' dir='ltr'>prae</span> <span class='ocrx_word' id='word_1_387' title='bbox 1290 1597 1402 1632; x_wconf 86' lang='lat' dir='ltr'>oculis</span> <span class='ocrx_word' id='word_1_388' title='bbox 1440 1599 1630 1634; x_wconf 75' lang='lat' dir='ltr'>habuisset.</span> <span class='ocrx_word' id='word_1_389' title='bbox 1659 1603 1797 1646; x_wconf 86' lang='lat' dir='ltr'>Quam-</span> 
     </span>
     <span class='ocr_line' id='line_1_74' title="bbox 1035 1647 1794 1699; baseline 0.009 -18"><span class='ocrx_word' id='word_1_390' title='bbox 1035 1660 1135 1693; x_wconf 76' lang='lat' dir='ltr'>quam</span> <span class='ocrx_word' id='word_1_391' title='bbox 1164 1647 1208 1681; x_wconf 89' lang='lat' dir='ltr'>iis</span> <span class='ocrx_word' id='word_1_392' title='bbox 1233 1647 1340 1681; x_wconf 82' lang='lat' dir='ltr'>etiarn</span> <span class='ocrx_word' id='word_1_393' title='bbox 1363 1648 1492 1683; x_wconf 89' lang='lat' dir='ltr'>habitis</span> <span class='ocrx_word' id='word_1_394' title='bbox 1519 1649 1593 1696; x_wconf 79' lang='lat' dir='ltr'>apti</span> <span class='ocrx_word' id='word_1_395' title='bbox 1614 1663 1794 1699; x_wconf 86' lang='lat' dir='ltr'>nunquam</span> 
     </span>
     <span class='ocr_line' id='line_1_75' title="bbox 1033 1697 1793 1747; baseline 0.009 -16"><span class='ocrx_word' id='word_1_396' title='bbox 1033 1697 1173 1732; x_wconf 64' lang='lat' dir='ltr'>fuissent</span> <span class='ocrx_word' id='word_1_397' title='bbox 1202 1697 1278 1732; x_wconf 89' lang='lat' dir='ltr'>rudi</span> <span class='ocrx_word' id='word_1_398' title='bbox 1308 1698 1345 1732; x_wconf 63' lang='lat' dir='ltr'>ea</span> <span class='ocrx_word' id='word_1_399' title='bbox 1373 1698 1574 1746; x_wconf 81' lang='lat' dir='ltr'>tempestate</span> <span class='ocrx_word' id='word_1_400' title='bbox 1601 1703 1793 1747; x_wconf 81' lang='lat' dir='ltr'>Scriptores</span> 
     </span>
     <span class='ocr_line' id='line_1_76' title="bbox 1032 1747 1795 1792; baseline 0.008 -12"><span class='ocrx_word' id='word_1_401' title='bbox 1032 1747 1201 1791; x_wconf 75' lang='lat' dir='ltr'>ejusmodi</span> <span class='ocrx_word' id='word_1_402' title='bbox 1239 1747 1280 1782; x_wconf 83' lang='lat' dir='ltr'>ad</span> <span class='ocrx_word' id='word_1_403' title='bbox 1319 1747 1534 1792; x_wconf 89' lang='lat' dir='ltr'>sermonem,</span> <span class='ocrx_word' id='word_1_404' title='bbox 1569 1750 1708 1789; x_wconf 83' lang='lat' dir='ltr'>stilum,</span> <span class='ocrx_word' id='word_1_405' title='bbox 1745 1753 1795 1788; x_wconf 90' lang='lat' dir='ltr'>ri-</span> 
     </span>
     <span class='ocr_line' id='line_1_77' title="bbox 1034 1800 1791 1840; baseline 0.009 -9"><span class='ocrx_word' id='word_1_406' title='bbox 1034 1808 1114 1840; x_wconf 87' lang='lat' dir='ltr'>tus,</span> <span class='ocrx_word' id='word_1_407' title='bbox 1151 1810 1190 1831; x_wconf 87' lang='lat' dir='ltr'>ac</span> <span class='ocrx_word' id='word_1_408' title='bbox 1228 1810 1340 1832; x_wconf 87' lang='lat' dir='ltr'>mores</span> <span class='ocrx_word' id='word_1_409' title='bbox 1382 1807 1539 1833; x_wconf 88' lang='lat' dir='ltr'>veterum</span> <span class='ocrx_word' id='word_1_410' title='bbox 1577 1800 1791 1838; x_wconf 84' lang='lat' dir='ltr'>Latinorum</span> 
     </span>
     <span class='ocr_line' id='line_1_78' title="bbox 1032 1845 1792 1898; baseline 0.012 -19"><span class='ocrx_word' id='word_1_411' title='bbox 1032 1856 1102 1881; x_wconf 85' lang='lat' dir='ltr'>tam</span> <span class='ocrx_word' id='word_1_412' title='bbox 1132 1845 1224 1880; x_wconf 58' lang='lat' dir='ltr'>reete</span> <span class='ocrx_word' id='word_1_413' title='bbox 1260 1846 1475 1886; x_wconf 84' lang='lat' dir='ltr'>imitandos,</span> <span class='ocrx_word' id='word_1_414' title='bbox 1507 1858 1547 1882; x_wconf 83' lang='lat' dir='ltr'>ut</span> <span class='ocrx_word' id='word_1_415' title='bbox 1581 1849 1792 1898; x_wconf 81' lang='lat' dir='ltr'>detegendae</span> 
     </span>
     <span class='ocr_line' id='line_1_79' title="bbox 1031 1894 1792 1946; baseline 0.013 -18"><span class='ocrx_word' id='word_1_416' title='bbox 1031 1894 1158 1929; x_wconf 86' lang='lat' dir='ltr'>fraudis</span> <span class='ocrx_word' id='word_1_417' title='bbox 1192 1895 1288 1929; x_wconf 86' lang='lat' dir='ltr'>nulla</span> <span class='ocrx_word' id='word_1_418' title='bbox 1319 1897 1420 1932; x_wconf 87' lang='lat' dir='ltr'>nobis</span> <span class='ocrx_word' id='word_1_419' title='bbox 1457 1898 1592 1946; x_wconf 76' lang='lat' dir='ltr'>reliqua</span> <span class='ocrx_word' id='word_1_420' title='bbox 1629 1904 1712 1937; x_wconf 84' lang='lat' dir='ltr'>eflet</span> <span class='ocrx_word' id='word_1_421' title='bbox 1739 1916 1792 1938; x_wconf 80' lang='lat' dir='ltr'>ra-</span> 
     </span>
     <span class='ocr_line' id='line_1_80' title="bbox 1030 1944 1791 1989; baseline 0.014 -11"><span class='ocrx_word' id='word_1_422' title='bbox 1030 1944 1102 1980; x_wconf 90' lang='lat' dir='ltr'>tio.</span> <span class='ocrx_word' id='word_1_423' title='bbox 1134 1945 1286 1981; x_wconf 63' lang='lat' dir='ltr'>Monstra</span> <span class='ocrx_word' id='word_1_424' title='bbox 1309 1945 1393 1982; x_wconf 85' lang='lat' dir='ltr'>haec</span> <span class='ocrx_word' id='word_1_425' title='bbox 1418 1946 1496 1984; x_wconf 85' lang='lat' dir='ltr'>sunt</span> <span class='ocrx_word' id='word_1_426' title='bbox 1520 1950 1557 1984; x_wconf 88' lang='lat' dir='ltr'>in</span> <span class='ocrx_word' id='word_1_427' title='bbox 1580 1950 1682 1987; x_wconf 89' lang='lat' dir='ltr'>unius</span> <span class='ocrx_word' id='word_1_428' title='bbox 1700 1952 1791 1989; x_wconf 87' lang='lat' dir='ltr'>dun-</span> 
     </span>
     <span class='ocr_line' id='line_1_81' title="bbox 1030 1996 1791 2040; baseline 0.013 -10"><span class='ocrx_word' id='word_1_429' title='bbox 1030 2004 1130 2030; x_wconf 85' lang='lat' dir='ltr'>taxat</span> <span class='ocrx_word' id='word_1_430' title='bbox 1156 1996 1310 2031; x_wconf 87' lang='lat' dir='ltr'>hominis</span> <span class='ocrx_word' id='word_1_431' title='bbox 1337 1998 1426 2033; x_wconf 69' lang='lat' dir='ltr'>laesa</span> <span class='ocrx_word' id='word_1_432' title='bbox 1452 2009 1512 2035; x_wconf 86' lang='lat' dir='ltr'>aut</span> <span class='ocrx_word' id='word_1_433' title='bbox 1536 2000 1674 2037; x_wconf 68' lang='lat' dir='ltr'>infirma</span> <span class='ocrx_word' id='word_1_434' title='bbox 1701 2004 1791 2040; x_wconf 79' lang='lat' dir='ltr'>ima-</span> 
     </span>
     <span class='ocr_line' id='line_1_82' title="bbox 1030 2046 1789 2099; baseline 0.013 -19"><span class='ocrx_word' id='word_1_435' title='bbox 1030 2046 1212 2093; x_wconf 78' lang='lat' dir='ltr'>ginatione</span> <span class='ocrx_word' id='word_1_436' title='bbox 1253 2057 1358 2084; x_wconf 84' lang='lat' dir='ltr'>nata.</span> <span class='ocrx_word' id='word_1_437' title='bbox 1396 2050 1458 2084; x_wconf 90' lang='lat' dir='ltr'>Sed</span> <span class='ocrx_word' id='word_1_438' title='bbox 1502 2050 1530 2086; x_wconf 91' lang='lat' dir='ltr'>is</span> <span class='ocrx_word' id='word_1_439' title='bbox 1573 2052 1789 2099; x_wconf 65' lang='lat' dir='ltr'>potissimum</span> 
     </span>
     <span class='ocr_line' id='line_1_83' title="bbox 1029 2096 1790 2151; baseline 0.013 -20"><span class='ocrx_word' id='word_1_440' title='bbox 1029 2096 1156 2133; x_wconf 87' lang='lat' dir='ltr'>sentiat</span> <span class='ocrx_word' id='word_1_441' title='bbox 1176 2126 1183 2134; x_wconf 85' lang='lat'>.</span> <span class='ocrx_word' id='word_1_442' title='bbox 1211 2100 1381 2146; x_wconf 71' lang='lat' dir='ltr'>quantum</span> <span class='ocrx_word' id='word_1_443' title='bbox 1412 2100 1494 2137; x_wconf 85' lang='lat' dir='ltr'>haec</span> <span class='ocrx_word' id='word_1_444' title='bbox 1524 2114 1678 2151; x_wconf 83' lang='lat' dir='ltr'>pugnent</span> <span class='ocrx_word' id='word_1_445' title='bbox 1704 2119 1790 2141; x_wconf 89' lang='lat' dir='ltr'>con-</span> 
     </span>
     <span class='ocr_line' id='line_1_84' title="bbox 1030 2155 1789 2203; baseline 0.013 -20"><span class='ocrx_word' id='word_1_446' title='bbox 1030 2157 1082 2183; x_wconf 88' lang='lat' dir='ltr'>tra</span> <span class='ocrx_word' id='word_1_447' title='bbox 1118 2161 1231 2184; x_wconf 89' lang='lat' dir='ltr'>rerum</span> <span class='ocrx_word' id='word_1_448' title='bbox 1271 2161 1456 2195; x_wconf 80' lang='lat' dir='ltr'>naturam,</span> <span class='ocrx_word' id='word_1_449' title='bbox 1493 2155 1555 2199; x_wconf 84' lang='lat' dir='ltr'>qui</span> <span class='ocrx_word' id='word_1_450' title='bbox 1596 2156 1700 2203; x_wconf 92' lang='lat' dir='ltr'>probe</span> <span class='ocrx_word' id='word_1_451' title='bbox 1735 2167 1789 2192; x_wconf 91' lang='lat' dir='ltr'>te-</span> 
     </span>
     <span class='ocr_line' id='line_1_85' title="bbox 1030 2200 1787 2252; baseline 0.013 -19"><span class='ocrx_word' id='word_1_452' title='bbox 1030 2207 1133 2239; x_wconf 87' lang='lat' dir='ltr'>neat,</span> <span class='ocrx_word' id='word_1_453' title='bbox 1169 2209 1257 2246; x_wconf 87' lang='lat' dir='ltr'>quot</span> <span class='ocrx_word' id='word_1_454' title='bbox 1294 2200 1461 2249; x_wconf 71' lang='lat' dir='ltr'>ineptiis,</span> <span class='ocrx_word' id='word_1_455' title='bbox 1494 2203 1531 2240; x_wconf 73' lang='grc' dir='ltr'><strong>ἃ</strong></span> <span class='ocrx_word' id='word_1_456' title='bbox 1568 2207 1671 2252; x_wconf 61' lang='lat' dir='ltr'>quam</span> <span class='ocrx_word' id='word_1_457' title='bbox 1710 2207 1787 2244; x_wconf 81' lang='lat' dir='ltr'>rudi</span> 
     </span>
     <span class='ocr_line' id='line_1_86' title="bbox 1029 2249 1785 2301; baseline 0.012 -17"><span class='ocrx_word' id='word_1_458' title='bbox 1029 2249 1107 2285; x_wconf 85' lang='lat' dir='ltr'>stilo</span> <span class='ocrx_word' id='word_1_459' title='bbox 1134 2250 1344 2287; x_wconf 83' lang='lat' dir='ltr'>abundarint</span> <span class='ocrx_word' id='word_1_460' title='bbox 1371 2254 1516 2301; x_wconf 78' lang='lat' dir='ltr'>majores</span> <span class='ocrx_word' id='word_1_461' title='bbox 1544 2257 1675 2301; x_wconf 80' lang='lat' dir='ltr'>nostri,</span> <span class='ocrx_word' id='word_1_462' title='bbox 1703 2258 1785 2293; x_wconf 84' lang='lat' dir='ltr'>dum</span> 
     </span>
     <span class='ocr_line' id='line_1_87' title="bbox 1027 2299 1784 2356; baseline 0.013 -22"><span class='ocrx_word' id='word_1_463' title='bbox 1027 2299 1249 2348; x_wconf 76' lang='lat' dir='ltr'>ignorantiae</span> <span class='ocrx_word' id='word_1_464' title='bbox 1266 2312 1421 2351; x_wconf 86' lang='lat' dir='ltr'>tempora</span> <span class='ocrx_word' id='word_1_465' title='bbox 1441 2304 1614 2348; x_wconf 78' lang='lat' dir='ltr'>fluebant,</span> <span class='ocrx_word' id='word_1_466' title='bbox 1629 2309 1661 2343; x_wconf 74' lang='grc' dir='ltr'>δι</span> <span class='ocrx_word' id='word_1_467' title='bbox 1679 2310 1784 2356; x_wconf 55' lang='lat' dir='ltr'>quam</span> 
     </span>
     <span class='ocr_line' id='line_1_88' title="bbox 1028 2351 1783 2401; baseline 0.013 -16"><span class='ocrx_word' id='word_1_468' title='bbox 1028 2352 1131 2394; x_wconf 66' lang='lat' dir='ltr'>longe</span> <span class='ocrx_word' id='word_1_469' title='bbox 1161 2351 1291 2388; x_wconf 87' lang='lat' dir='ltr'>fuerint</span> <span class='ocrx_word' id='word_1_470' title='bbox 1319 2367 1335 2389; x_wconf 82' lang='lat' dir='ltr'>a</span> <span class='ocrx_word' id='word_1_471' title='bbox 1365 2354 1462 2393; x_wconf 71' lang='lat' dir='ltr'>stilo.</span> <span class='ocrx_word' id='word_1_472' title='bbox 1492 2358 1534 2391; x_wconf 89' lang='lat' dir='ltr'>ab</span> <span class='ocrx_word' id='word_1_473' title='bbox 1563 2359 1783 2401; x_wconf 79' lang='lat' dir='ltr'>eruditione.</span> 
     </span>
     <span class='ocr_line' id='line_1_89' title="bbox 1029 2401 1783 2454; baseline 0.008 -17"><span class='ocrx_word' id='word_1_474' title='bbox 1029 2401 1171 2450; x_wconf 79' lang='lat' dir='ltr'>vigore,</span> <span class='ocrx_word' id='word_1_475' title='bbox 1196 2404 1429 2453; x_wconf 87' lang='lat' dir='ltr'>omnibusque</span> <span class='ocrx_word' id='word_1_476' title='bbox 1464 2406 1562 2454; x_wconf 87' lang='lat' dir='ltr'>(uno</span> <span class='ocrx_word' id='word_1_477' title='bbox 1599 2410 1704 2445; x_wconf 83' lang='lat' dir='ltr'>verbo</span> <span class='ocrx_word' id='word_1_478' title='bbox 1730 2409 1783 2443; x_wconf 88' lang='lat' dir='ltr'>di-</span> 
     </span>
     <span class='ocr_line' id='line_1_90' title="bbox 1026 2454 1781 2508; baseline 0.007 -21"><span class='ocrx_word' id='word_1_479' title='bbox 1026 2454 1128 2502; x_wconf 83' lang='lat' dir='ltr'>cam)</span> <span class='ocrx_word' id='word_1_480' title='bbox 1157 2455 1381 2503; x_wconf 87' lang='lat' dir='ltr'>antiquorum</span> <span class='ocrx_word' id='word_1_481' title='bbox 1412 2459 1527 2494; x_wconf 85' lang='lat' dir='ltr'>nervis</span> <span class='ocrx_word' id='word_1_482' title='bbox 1551 2470 1655 2508; x_wconf 82' lang='lat' dir='ltr'>atque</span> <span class='ocrx_word' id='word_1_483' title='bbox 1681 2471 1781 2494; x_wconf 88' lang='lat' dir='ltr'>orna·-</span> 
     </span>
     <span class='ocr_line' id='line_1_91' title="bbox 1025 2506 1781 2545; baseline 0.004 -7"><span class='ocrx_word' id='word_1_484' title='bbox 1025 2506 1176 2542; x_wconf 75' lang='lat' dir='ltr'>mentis.</span> <span class='ocrx_word' id='word_1_485' title='bbox 1204 2508 1419 2544; x_wconf 84' lang='lat' dir='ltr'>Occurrebat</span> <span class='ocrx_word' id='word_1_486' title='bbox 1447 2509 1535 2545; x_wconf 83' lang='lat' dir='ltr'>mihi</span> <span class='ocrx_word' id='word_1_487' title='bbox 1563 2510 1599 2545; x_wconf 91' lang='lat' dir='ltr'>in</span> <span class='ocrx_word' id='word_1_488' title='bbox 1630 2509 1781 2544; x_wconf 86' lang='lat' dir='ltr'>Ambro-</span> 
     </span>
     <span class='ocr_line' id='line_1_92' title="bbox 1022 2554 1780 2607; baseline 0.007 -18"><span class='ocrx_word' id='word_1_489' title='bbox 1022 2554 1114 2590; x_wconf 84' lang='lat' dir='ltr'>fiana</span> <span class='ocrx_word' id='word_1_490' title='bbox 1152 2556 1377 2594; x_wconf 80' lang='lat' dir='ltr'>Bibliotheca</span> <span class='ocrx_word' id='word_1_491' title='bbox 1417 2559 1491 2607; x_wconf 87' lang='lat' dir='ltr'>post</span> <span class='ocrx_word' id='word_1_492' title='bbox 1526 2558 1675 2595; x_wconf 81' lang='lat' dir='ltr'>Sallustii</span> <span class='ocrx_word' id='word_1_493' title='bbox 1714 2556 1780 2594; x_wconf 85' lang='lat' dir='ltr'>Li-</span> 
     </span>
     <span class='ocr_line' id='line_1_93' title="bbox 1649 2607 1728 2644; baseline 0.038 -3"><span class='ocrx_word' id='word_1_494' title='bbox 1649 2607 1728 2644; x_wconf 86' lang='lat' dir='ltr'>bros</span> 
     </span>
    </p>
   </div>
   <div class='ocr_carea' id='block_1_9' title="bbox 230 2648 1174 2694">
    <p class='ocr_par' dir='ltr' id='par_1_9' title="bbox 230 2648 1174 2694">
     <span class='ocr_line' id='line_1_94' title="bbox 230 2648 1174 2694; baseline 0.005 -12"><span class='ocrx_word' id='word_1_495' title='bbox 230 2648 248 2686; x_wconf 77' lang='lat'>.⁸</span> <span class='ocrx_word' id='word_1_496' title='bbox 276 2650 512 2691; x_wconf 59' lang='lat' dir='ltr'>scept‘cismum</span> <span class='ocrx_word' id='word_1_497' title='bbox 539 2650 602 2691; x_wconf 71' lang='lat' dir='ltr'>legi</span> <span class='ocrx_word' id='word_1_498' title='bbox 633 2662 776 2694; x_wconf 80' lang='lat' dir='ltr'>oportere</span> <span class='ocrx_word' id='word_1_499' title='bbox 805 2655 927 2686; x_wconf 75' lang='lat' dir='ltr'>videtur</span> <span class='ocrx_word' id='word_1_500' title='bbox 955 2654 1034 2686; x_wconf 82' lang='lat' dir='ltr'>haud</span> <span class='ocrx_word' id='word_1_501' title='bbox 1064 2653 1174 2687; x_wconf 57' lang='lat' dir='ltr'>dubie„</span> 
     </span>
    </p>
   </div>
  </div>
 </body>
</html>
