2237 3084
279 184 333 235 89
456 173 821 220 Dfssffltmiio
866 166 1608 225 „QJnssGQAQJARTffl
1729 182 1787 222 90

219 239 460 277 bliotnecarn,
501 238 542 272 de
579 249 648 284 quo
686 245 776 268 nunc
817 229 905 264 mihi
938 224 981 260 est
1022 228 1050 260 A
1089 225 1300 269 prehendas,
1343 226 1395 259 Al
1437 225 1519 259 haec
1556 226 1647 261 inter
1690 227 1846 265 L}bros‚

222 289 333 326 sermo
395 292 466 331 Jim
508 291 589 322 vero
628 283 778 321 conflat,
815 280 920 324 idque
947 289 981 310 e-

223 341 311 376 tiam
344 339 462 374 monui
501 340 536 372 in
580 331 792 369 praefatione
829 329 869 362 ad
909 329 981 361 Ser-

224 403 344 427 mones
375 389 488 425 sanai
529 385 614 420 Max
635 382 682 415 mi
712 394 730 414 a
759 392 813 413 rrze
841 378 982 425 evulga-

221 450 276 476 tos
303 443 420 476 Tamo
452 439 510 470 tv,
539 432 801 468 Auedozorum
834 429 979 465 Latino·

221 504 297 527 rum
325 491 364 524 *,
396 487 529 521 scilioet
559 483 645 517 olim
679 490 869 520 permixtos
899 478 976 514 faci-

221 542 257 577 le
296 537 389 573 fm'ffe
428 533 631 570 Sar-&corum
674 534 812 567 Parrum
849 533 977 565 Sermo-

220 602 307 631 nes,
336 589 415 621 dum
455 584 600 632 quisque
638 582 878 618 Homiliarum
920 580 980 615 Li-

221 639 320 679 brum
363 636 423 671 fibi
466 645 599 683 pararet
628 661 637 670 .

221 738 383 777 sostomi‚
413 739 566 776 Leonis,
604 737 825 781 aliorumque
855 733 982 768 Homi-

217 789 288 825 liae
317 789 353 824 in
379 787 535 836 antiquis
558 787 772 823 Codicibus.
803 784 895 820 Fieri
926 796 982 827 pa—

219 839 252 876 ri
280 838 416 875 ratione
446 837 585 886 potuit,
614 847 652 873 ut
674 845 897 885 congerentes
922 835 981 869 Pe-

221 890 268 926 tri
312 889 525 939 chrysologi
568 891 776 926 Sermones,
818 898 896 920 cum
941 884 985 920 iis

221 943 403 976 Sermones
447 953 586 988 quoque
624 936 890 974 commiscerent
928 937 983 970 Se-

220 991 356 1026 veriani
384 990 582 1027 Gabalensis
607 990 770 1036 Episcopi
795 988 918 1023 Seculo
941 988 986 1021 V.

220 1041 404 1077 latinitate
430 1043 575 1077 donatos
592 1067 602 1076 .
640 1044 687 1076 Et
715 1050 815 1075 antea
842 1037 985 1085 quidem

221 1091 427 1141 Chrisologi
456 1092 606 1127 editores
638 1091 849 1128 adnotarunt
882 1087 923 1123 ad
951 1100 984 1122 e-

222 1141 277 1189 jus
319 1145 500 1177 Sermones
547 1154 628 1188 149.
671 1145 703 1177 &
750 1151 831 1186 132.
873 1151 932 1173 eos
968 1150 987 1172 a
1016 1141 1051 1178 C

220 1191 426 1238 quibusdam
472 1196 571 1226 Beato
616 1192 788 1226 cherr'ano
835 1188 1009 1231 Episcopo*

221 1241 354 1278 tribui.
398 1243 443 1276 Et
479 1254 691 1289 quamquam
730 1240 765 1276 id
804 1238 986 1274 immerito

221 1291 353 1327 fabium
393 1291 567 1335 scribant,
605 1293 702 1327 nulla
741 1290 831 1326 mihi
869 1300 986 1325 tamen

219 1342 399 1378 dubitatio
426 1343 493 1383 est,
521 1343 607 1390 quin
636 1343 727 1378 idem
757 1344 877 1378 Sermo
904 1352 985 1385 149.

220 1393 445 1430 Severianum
479 1393 671 1430 AuE’torem
702 1392 883 1429 habuerit.
913 1393 984 1428 Ne—

219 1455 288 1490 que
315 1444 426 1480 obstat
454 1444 667 1493 chrysologi
696 1445 791 1480 stilus
817 1441 983 1488 floridus,

219 1492 257 1529 &
288 1493 411 1529 horum
443 1497 648 1531 Sermonum
688 1494 793 1531 facies
831 1494 985 1538 Latina,

219 1543 312 1579 nihil
335 1545 537 1581 nativitatis
559 1548 713 1582 Graecae
736 1545 984 1595 praeseferens.

219 1595 313 1630 Nam
353 1596 384 1630 ἃ
432 1596 620 1632 Severiano
657 1610 728 1632 non
765 1597 879 1646 dispar
916 1595 985 1632 fuit
1019 1602 1052 1635 D

216 1643 340 1690 stilus,
380 1656 486 1694 atque
513 1646 585 1691 ipse
621 1661 761 1695 quoque
797 1646 984 1683 antithetis

215 1695 476 1736 deleE‘tabatuh
512 1696 550 1731 &
585 1698 726 1732 conciso
754 1696 893 1732 dicendi
922 1709 980 1743 ge-

219 1757 318 1779 nere.
350 1747 446 1792 Lege
473 1746 633 1780 eumdem
664 1748 865 1781 Sermonem
901 1757 983 1792 149.

221 1793 421 1841 impressum
451 1794 544 1830 inter
569 1797 684 1843 Opera
707 1798 839 1832 Graeca
866 1797 981 1842 Chry-

217 1843 381 1883 sostomi.
421 1845 454 1878 &
493 1845 702 1892 inscriptum
737 1848 776 1880 de
804 1851 903 1890 Pace,
940 1849 982 1882 ab

217 1892 462 1940 antiquiffirno
484 1893 642 1929 Aufi‘tore
670 1896 900 1940 translatum,
929 1908 978 1933 at-

215 1956 284 1991 que
310 1944 362 1979 ibi
395 1945 587 1988 comperies
625 1958 695 1980 non
732 1945 888 1982 absimile
924 1948 976 1983 di-

215 1993 346 2031 &ionis
383 1992 420 2031 &
464 1994 714 2031 sententiarum
751 2010 884 2045 genus,
924 1978 1006 2054 ab!

216 2058 283 2093 que
320 2044 372 2081 ibi
410 2045 599 2082 versionem
633 2060 650 2082 e
678 2049 812 2083 Graeco
849 2048 976 2085 fafiam
1003 2051 1042 2097 *E

215 2095 387 2138 minime.
418 2106 457 2132 ut
485 2106 592 2146 puto,
619 2097 842 2134 subodorabis
860 2126 868 2134 .
897 2101 974 2135 Ma-

216 2146 387 2182 billonius
416 2161 556 2196 quoque
585 2162 661 2197 pag.
687 2161 769 2196 124.
800 2150 977 2186 itinerarii

212 2196 357 2241 Italici,
396 2198 573 2247 postquam
615 2200 837 2237 Ambrosiani
875 2201 977 2249 hujus

213 2247 360 2284 Codicis
398 2249 615 2286 mentionem
658 2250 764 2294 fecit,
803 2252 973 2301 fragmen·

210 2307 285 2335 turn
321 2298 433 2336 adfert
471 2301 646 2337 Sermonis
683 2303 833 2349 ejusdem
875 2307 959 2339 Seve

212 2349 305 2387 riani
342 2350 378 2386 in
420 2351 592 2388 Casinensi
634 2352 772 2391 Codice
813 2354 974 2390 latentis.

214 2403 333 2439 Ovum
369 2415 440 2440 ovo
476 2401 623 2442 similius
658 2418 731 2442 non
766 2406 889 2455 utique
916 2405 974 2443 de-

285 2558 302 2575 ⁸
326 2561 432 2594 Nobis
471 2562 572 2596 Tom.
599 2565 662 2598 XI.
685 2566 722 2599 P.
745 2567 796 2602 11.

684 633 777 669 Hinc
825 631 985 666 confusae
1007 666 1011 671 ,
1061 671 1062 674 ¹

219 686 420 725 Ambrosii.
443 685 626 735 Augustini
641 714 648 727 ,
668 682 823 719 Maximi
839 711 846 723 ,
864 681 980 727 Chry—
1007 676 1062 731 ‘BA

1059 1193 1061 1196 ⁴
1087 1189 1313 1226 scholasticus
1335 1215 1345 1229 ‚

1061 288 1172 331 ²quos
1218 274 1410 309 Desiderius
1453 275 1606 318 inilytus
1654 275 1846 312 Cafioenfis

1061 327 1206 362 {Abbas
1246 324 1458 360 Monasterio
1501 324 1559 358 suo
1599 329 1846 368 comparavit,

1087 389 1174 423 quos
1203 377 1238 411 in
1268 375 1450 412 Chronico
1477 373 1652 410 Casinensi
1691 376 1771 411 Lib.
1810 389 1846 424 3.

1088 429 1174 471 Cap.
1203 432 1259 475 63.
1291 425 1471 463 recensitos
1501 425 1691 465 habemus,
1727 439 1850 463 occur..

1089 489 1169 514 runt
1197 483 1355 514 Sermones
1390 477 1580 515 severiani,
1618 475 1740 523 utique
1778 479 1849 514 La.

1062 538 1064 543 “
1089 529 1163 565 tina
1193 529 1331 578 Lingui
1357 527 1503 563 donati.
1542 528 1719 562 Praeterea
1756 528 1848 564 olim

1061 576 1065 590 ’
1089 593 1158 615 non
1188 580 1304 621 secus,
1333 590 1438 627 atque
1467 579 1682 624 temporibus
1703 577 1849 623 nostris,

1060 653 1063 667 s
1089 640 1159 665 tam
1191 630 1294 679 periti
1323 633 1534 667 Graecorum
1566 627 1756 664 Librorum
1792 629 1851 664 in-

1088 690 1255 729 terpretes
1282 682 1398 725 fuere,
1435 691 1474 716 ut
1510 680 1561 715 nil
1598 681 1749 714 Graecae
1777 678 1851 715 ori-

1088 731 1181 779 ginis
1211 733 1245 769 in
1275 746 1394 769 eorum
1416 730 1628 767 versionibus
1648 739 1848 778 appareret.

1088 783 1297 831 Cuiusmodi
1330 784 1406 820 sane
1433 782 1599 819 dicendus
1635 781 1679 816 est
1709 781 1851 822 Ensibu-

1087 835 1177 874 tius,
1218 836 1272 869 vir
1313 835 1547 879 diserts'ffimus,
1575 846 1594 868 a
1625 830 1847 873 Caffiodorio

1087 885 1247 922 laudatus
1267 889 1354 933 Cap.
1384 886 1523 934 primo,
1551 884 1592 918 de
1620 884 1770 918 Institut.
1792 882 1849 918 di-

1088 935 1199 972 vinar.
1235 937 1388 973 Literar.
1430 936 1493 984 qui
1533 948 1637 980 opera
1678 933 1848 980 quaedam

1086 986 1202 1022 Sanc‘li
1241 988 1362 1031 Basilii
1402 987 1450 1022 ita
1485 985 1647 1022 transtulit
1683 986 1718 1018 in
1754 984 1850 1018 Lati·-

1087 1051 1183 1081 num,
1223 1050 1260 1073 ut
1301 1039 1463 1084 ingenium
1497 1034 1662 1080 cloHt'ffimi
1696 1034 1763 1068 viri
1795 1033 1850 1077 fa-

1087 1089 1219 1123 candiae
1245 1090 1316 1130 [uae
1341 1090 1466 1123 viribus
1492 1084 1703 1134 aequiparaffe
1731 1085 1847 1119 videa-

1086 1150 1158 1174 rur.
1195 1140 1356 1175 Arrianus
1393 1152 1555 1186 quoque,
1591 1138 1625 1172 &
1664 1135 1848 1171 Mutianus

1388 1189 1568 1225 Homilias
1609 1200 1680 1222 non
1724 1198 1848 1233 paucas

1086 1239 1323 1285 chrysostomi
1363 1241 1471 1277 Latio
1507 1240 1682 1274 donarunt
1722 1237 1847 1271 seculo

1087 1289 1172 1324 Chr.
1209 1291 1369 1336 Quin5io
1405 1292 1437 1325 &
1476 1293 1606 1325 Sexto.
1636 1291 1688 1323 At
1725 1297 1848 1322 contra

1087 1340 1294 1387 Cbrysologus
1322 1355 1364 1376 ex
1390 1341 1491 1375 unius
1517 1341 1653 1374 tantiam
1675 1337 1848 1380 Codicis,

1087 1404 1287 1438 quanquam
1329 1390 1561 1438 antiquissimi
1588 1414 1598 1429 ,
1638 1387 1849 1424 auetoritate

1086 1443 1284 1486 contraria,
1314 1441 1463 1478 minime
1499 1441 1640 1477 videtur
1678 1439 1734 1474 sua
1772 1435 1851 1481 pos-

1089 1492 1231 1528 seffione
1251 1493 1462 1540 privandus.
1488 1494 1634 1536 Jamque
1653 1489 1752 1525 illius
1773 1490 1851 1523 Ser-

1088 1556 1208 1578 mones
1237 1542 1379 1578 colle8i
1419 1544 1604 1576 Ravennae
1641 1539 1678 1574 in
1716 1539 1856 1585 honore>

1088 1602 1186 1627 erant
1213 1592 1355 1627 circiter
1381 1593 1527 1627 Annum
1563 1588 1691 1625 Christi
1732 1590 1850 1624 DCC-

1090 1645 1168 1678 XV.
1207 1644 1328 1684 Nam,
1365 1651 1404 1678 ut
1442 1640 1563 1677 scribit
1600 1640 1772 1688 Agnellus
1810 1639 1849 1674 in

1089 1693 1254 1728 Pontifie.
1302 1696 1459 1728 Ravenn.
1506 1694 1625 1726 Tomo
1680 1691 1724 1723 11.
1773 1701 1850 1735 pag.

1091 1745 1172 1790 164.
1203 1746 1282 1778 Rer.
1310 1743 1537 1779 Italicarum,
1567 1739 1669 1774 Felix
1699 1738 1850 1774 Archie-

1089 1795 1248 1840 piscopus
1289 1792 1397 1826 morti
1444 1790 1626 1838 proximus
1669 1789 1850 1824 Homilias

1088 1843 1162 1877 suas
1190 1841 1439 1878 comburendas
1469 1840 1562 1889 juffit
1590 1840 1751 1888 inquiens
1789 1840 1850 1874 ad-

1088 1892 1284 1928 stantibus:
1337 1892 1473 1928 Habetis
1512 1892 1624 1927 Libros
1665 1890 1850 1935 Chrysaloga'

1093 1945 1202 1983 Petri,
1230 1957 1303 1990 quos
1329 1944 1470 1983 videtis,
1498 1944 1541 1978 (θ’
1568 1942 1758 1977 invenienss.
1787 1942 1849 1976 Hic

1089 1996 1323 2040 luculentr'ffime
1345 1994 1491 2039 scripsit.
1529 1995 1632 2041 Ipsum
1658 2004 1773 2028 tenete.
1803 1994 1852 2026 U-

1089 2046 1218 2086 timt'm'..
1247 2057 1282 2079 ut
1307 2046 1399 2080 vobis
1432 2047 1554 2093 placet.
1591 2043 1716 2090 Quid?
1754 2041 1849 2089 quod

1091 2110 1132 2132 ne
1169 2095 1230 2143 ipsi
1269 2096 1411 2142 quidem
1448 2096 1680 2132 Ambrosiano
1716 2092 1850 2130 Codici

1091 2147 1241 2183 nimium
1273 2147 1377 2183 fidere
1404 2147 1601 2186 possumus,
1629 2143 1851 2193 quandoqui-

1090 2199 1168 2234 dem
1210 2199 1262 2234 ibi
1303 2198 1497 2246 fragmenta
1538 2198 1606 2234 tria
1651 2198 1813 2246 leguntur
1837 2221 1850 2238 ,

1091 2249 1245 2285 nondum
1275 2250 1395 2288 edita,
1432 2263 1519 2297 quae
1556 2250 1671 2285 multo
1708 2245 1850 2290 aequius

1093 2303 1197 2336 Petro
1224 2300 1469 2349 Chrysologo,
1505 2303 1608 2346 quam
1639 2297 1849 2334 Severiano,

1092 2352 1330 2389 conveniant.
1376 2354 1451 2400 Ego
1497 2353 1560 2388 illa
1606 2351 1642 2386 in
1689 2347 1848 2403 omniurn

1092 2403 1318 2443 commodum
1343 2404 1423 2442 heic
1450 2403 1644 2453 evulganda
1672 2397 1810 2436 censui.

1559 2537 1563 2540 .
1584 2483 1795 2547 Fragmenta
