2237 3084
261 194 319 246 ῃ
444 183 809 231 DJSSERTATJO
851 178 1592 239 QJADMGESJMAQARTA:
1708 191 1766 239 4⁶

205 248 278 286 tiae
324 245 435 289 studio
481 261 560 295 prae
597 245 711 282 Gallis
751 242 962 278 excellerent
1000 242 1049 276 A!
1072 239 1172 274 liares
1190 250 1377 287 coeperunt
1393 241 1457 275 effe
1476 255 1534 287 per
1549 240 1688 277 Italiam
1704 244 1826 278 Theo·

208 309 293 336 tunc
323 298 360 334 &
400 298 509 346 postea
540 296 655 333 Italici
687 291 776 327 viri.
804 293 960 325 Utrum-

207 363 275 398 que
303 353 383 385 vero
410 352 468 393 Jus
506 348 642 383 testatur
667 340 848 377 Gervafius
887 343 960 375 Do-

207 400 418 437 robernensis
448 396 618 443 Anglicus
655 393 811 440 scriptor
848 393 893 427 ex‘
931 393 961 426 1-

207 453 294 487 talia
331 447 513 498 penetrasse
549 445 587 479 in
624 456 784 492 magnam
821 443 958 477 Britan-

206 502 326 538 niam.
364 498 446 543 Ejus
476 495 577 530 verba
608 494 686 529 sunt
717 493 858 529 circiter
885 494 961 527 An-

206 562 287 588 num
322 548 531 582 MCXLlX.
570 550 736 592 Regnante
773 543 906 578 Henrico
936 545 962 577 I.

203 604 300 644 Leges
317 622 327 637 ,
354 597 398 635 ὅθ’
427 595 586 637 Caufidici
612 597 645 630 in
673 596 833 641 Angliam
864 594 963 640 primo

203 648 307 683 vocati
340 648 413 691 [unt
436 674 444 687 ,
485 660 611 693 quovum
649 647 770 690 primus
806 644 964 691 Magister

204 699 372 734 Vacarius.
402 699 464 732 Hic
491 700 524 731 in
551 697 740 740 Oxenfordia
767 699 878 742 Legem
906 699 960 728 do—
1008 680 1048 730 B?

203 749 291 784 cuit.
329 748 474 797 Anglici
510 759 626 783 autem
656 760 695 782 ac
728 744 961 782 Normannici

203 799 395 847 Scriptores
430 798 594 833 concordi
631 798 766 833 calculo
801 798 964 839 tradunt,

202 849 296 885 hunc
333 849 476 884 natione
505 850 747 893 Langobafdum
775 846 894 882 fuine.
932 847 962 881 l—

203 900 280 935 dem
307 912 444 948 quoque
472 900 513 934 de
540 899 728 934 Germania
756 897 963 932 (luendum.

254 952 378 996 Quoto
416 962 529 986 autem
562 952 670 984 Anno
708 949 858 991 primum
896 949 960 982 Bo-

203 1001 385 1036 nonienses
414 1001 451 1036 in
482 1001 576 1036 suum
606 999 831 1045 Gymnasium
863 998 947 1033 inve

202 1052 320 1088 xerint
346 1051 524 1086 universae
553 1051 819 1090 Philoxophiae‚
845 1051 963 1084 Theo-

201 1101 339 1149 logiae‚
377 1114 415 1136 ac
453 1102 654 1136 Medicinae
685 1100 895 1146 Magistros,
933 1098 962 1133 i-

201 1164 347 1200 gnorare
376 1164 430 1185 me
468 1151 601 1186 fateor.
644 1153 705 1185 Per
732 1162 845 1185 totum
887 1152 962 1184 Sae—
999 1150 1049 1187 C'

202 1203 321 1236 culum
351 1201 607 1236 Duodecimum
638 1201 808 1247 quidquid
839 1212 960 1234 monu-

201 1261 401 1287 mentorum
428 1252 468 1286 ad
497 1251 714 1286 Bononiense
735 1249 961 1296 Gymnasium

202 1301 384 1350 spe&ans‚
421 1315 605 1349 congerere
643 1301 805 1350 Sigonius
846 1301 963 1348 potuit

201 1351 240 1388 in
275 1352 463 1388 Historiam
494 1353 773 1396 Bononiensem,
804 1354 843 1387 de
871 1352 959 1395 Juri—

200 1402 399 1450 sprudentia
429 1405 565 1439 tantun
605 1405 655 1440 ibi
688 1405 827 1439 exculta
857 1402 960 1438 fidem

200 1451 318 1488 facit.
360 1454 452 1489 lllud
489 1466 609 1489 contra
649 1454 862 1502 perl‘peffium
904 1453 957 1487 ha-

203 1503 293 1543 beo,
323 1504 473 1551 primum
502 1508 754 1545 Grammamae,
783 1516 875 1551 atque
901 1504 960 1538 hu-

199 1554 373 1587 maniorum
409 1557 602 1589 Litterarum
631 1554 839 1603 Magistrum
869 1553 959 1590 acci-

200 1612 275 1638 tum
298 1604 395 1639 fuiffe
418 1604 559 1641 circiter
579 1609 722 1640 Annum
749 1607 960 1642 MCCVIH.

202 1656 473 1699 Boncompagnum
502 1656 744 1699 Florentinum,
783 1665 822 1691 ut
851 1654 958 1702 pluri—

201 1705 263 1739 bus
299 1705 431 1739 ostendi
460 1707 579 1741 Tomo
609 1708 670 1740 VI.
702 1709 780 1739 Rer.
809 1705 961 1739 italicar.

204 1754 242 1788 in
271 1753 490 1787 praefatione
515 1755 555 1787 ad
582 1754 654 1801 ejus
678 1753 891 1799 Opusculum
920 1753 961 1788 de

202 1801 392 1837 Obsidione
421 1805 608 1838 Anconae.
649 1805 825 1838 Praeterea
863 1803 960 1848 supra

201 1852 359 1886 laudatus
389 1852 550 1898 Sigonius
588 1853 628 1886 ad
658 1855 802 1886 Annum
835 1855 958 1889 MCC·

200 1903 296 1936 xlx.
325 1912 579 1936 commemorat
611 1901 763 1936 Honorii
800 1901 862 1936 lll.
896 1905 953 1937 Pa-

199 1964 262 1999 pae
300 1951 418 1986 literas
447 1951 488 1986 ad
517 1951 726 1998 Episcopum
759 1952 957 1988 Bononien-

199 2001 268 2036 sem
306 2002 426 2045 datas,
463 2012 498 2036 ut
534 2003 718 2048 Theologzae
748 2003 889 2044 studium
927 2006 959 2036 in

199 2055 278 2087 Urbe
315 2054 431 2091 alem,
469 2066 562 2099 neque
591 2053 767 2099 Relvgiosos
803 2064 859 2088 aut
877 2054 1026 2097 Juri'E

198 2103 326 2146 Civili,
350 2114 407 2137 aut
428 2104 577 2149 Physicae
597 2115 717 2150 operam
737 2105 811 2138 dare
830 2105 956 2149 permit-

198 2162 300 2187 teret:
326 2167 414 2201 quae
442 2153 598 2189 indicare
632 2154 814 2194 videntur,
843 2155 956 2190 Theo·

198 2203 331 2251 logiam
362 2217 502 2249 quoque
538 2218 576 2239 ac
610 2204 787 2250 Phyficam
828 2216 960 2250 praeter

197 2255 311 2302 Leges
352 2255 388 2290 in
433 2255 686 2290 Bononiensem
729 2257 956 2292 Academiam

198 2304 317 2354 jandiu
366 2316 467 2340 antea
508 2307 749 2354 immigrasse.
788 2306 955 2343 Ceterum

198 2368 303 2401 quum
330 2356 479 2391 Ordines
503 2358 807 2398 praedicatorum,
828 2359 859 2393 8<
883 2358 952 2394 Mi-

201 2416 324 2441 norum
344 2434 354 2447 ,
391 2420 429 2442 ac
465 2407 590 2443 deinde
620 2409 853 2444 Eremitarum
884 2412 954 2445 Au-

203 2455 440 2500 gustinensium
473 2459 596 2494 Se‹ulo
615 2460 882 2495 Tertiodecimo
902 2474 960 2508 per

200 2515 322 2540 omnes
348 2506 418 2543 fere
446 2509 558 2545 Urbes
586 2510 825 2552 invaluerint,
855 2510 955 2548 fami·-

1073 291 1187 337 logiae
1206 303 1366 338 quoque,
1392 304 1429 325 ac
1454 290 1698 332 Philosophiae
1721 295 1829 329 Scho-

1071 341 1149 375 lae:
1182 353 1248 388 qua
1277 341 1318 375 de
1353 354 1388 376 re
1424 342 1517 376 nihil
1554 340 1682 376 attinet
1711 344 1828 379 erudi-

1072 400 1146 425 tum
1185 390 1370 427 Leaorem
1409 404 1576 427 monere.
1611 392 1732 439 Atque
1768 393 1829 428 ha—

1072 440 1190 477 &enus
1220 452 1257 477 ut
1296 443 1429 489 prima,
1466 442 1517 477 ita
1554 439 1592 477 &
1630 444 1732 477 unica
1760 444 1830 478 Bo-

1073 505 1178 527 noma
1216 491 1495 527 florentissimum
1527 490 1752 537 Gymnasium
1789 492 1829 528 in

1075 544 1176 577 ltalia
1206 543 1238 578 se
1276 543 1398 577 habere
1435 543 1673 591 gloriabatur,
1703 543 1828 579 ceteris

1072 592 1294 628 Civitatibus
1320 592 1489 641 ejusmodi
1513 592 1752 642 praerogativa
1774 607 1831 629 ca-

1072 644 1248 679 rentibus.
1275 646 1379 679 Fama
1400 644 1494 688 loci,
1515 654 1620 692 atque
1641 643 1830 691 insignium

1072 694 1341 742 Magistrmum,
1369 696 1487 741 quales
1518 694 1610 730 fuere
1639 695 1829 742 Bulgarus‚

1072 744 1251 780 Martinus
1289 744 1407 781 Goffia
1445 747 1712 788 Anconitaaus,
1750 747 1831 780 Hu-

1071 808 1115 844 go
1143 795 1180 831 &
1210 797 1397 832 Albericus
1434 796 1475 832 de
1505 798 1607 831 Porta
1647 798 1832 831 Ravenna-

1072 857 1130 889 te,
1159 847 1418 886 Bononienses,
1446 847 1638 884 Lotharius
1664 848 1697 881 &
1725 848 1832 890 Joan-

1071 909 1130 932 nes
1159 896 1338 933 Boffianus
1368 897 1643 941 Cremonenses,
1674 897 1831 945 Hugoli-

1072 961 1158 988 nus,
1193 950 1317 992 Ano,
1354 949 1560 988 Acmrfius,
1597 948 1726 995 aliique
1758 946 1830 994 (de

1071 998 1195 1044 quibus
1227 999 1445 1035 Pancirolius
1481 1000 1519 1035 in
1549 999 1631 1035 Lib.
1661 1000 1701 1033 de
1729 996 1831 1034 Clar.

1074 1050 1156 1096 Leg.
1192 1049 1375 1097 interpret.
1418 1052 1530 1086 multa
1571 1059 1830 1085 commentatus

1047 1099 1143 1150 ¹est)
1172 1113 1213 1134 eo
1243 1100 1400 1145 proceffit
1418 1129 1428 1144 ‚
1465 1111 1504 1136 ut
1531 1114 1573 1136 ex
1603 1100 1767 1136 univerfis
1797 1101 1832 1135 1-

1071 1151 1176 1184 taliae
1199 1151 1351 1186 Urbibus
1378 1152 1610 1187 adolescentes
1634 1150 1831 1186 Bononiam

1071 1199 1306 1240 confluerent,
1328 1202 1638 1250 jurisprudentiam
1667 1202 1747 1237 inde
1767 1201 1831 1235 do-

1071 1263 1167 1284 mum
1197 1253 1431 1297 reportaturi.
1464 1252 1667 1301 privilegiis
1695 1265 1733 1287 ac
1761 1252 1830 1287 im-

1072 1301 1303 1336 munitatibus
1335 1303 1441 1337 etiam
1481 1317 1549 1338 non
1588 1302 1705 1351 paucis
1742 1302 1830 1337 illuc

1072 1352 1339 1388 alliciebantur.
1376 1353 1597 1397 Odofredus,
1628 1354 1689 1401 qui
1725 1356 1831 1388 Anno

1072 1404 1299 1438 Mssschss.
1327 1406 1439 1452 Leges
1467 1405 1504 1439 in
1533 1417 1571 1439 ea
1599 1405 1693 1438 Urbe
1721 1403 1834 1438 inter-

1072 1454 1301 1500 pretabatur,
1349 1454 1574 1490 Bononiensis
1616 1454 1831 1490 Academiae

1071 1504 1310 1539 celebritatem
1339 1504 1432 1540 hisce
1459 1505 1643 1540 describit:
1676 1505 1752 1538 Vidi
1778 1517 1831 1550 ego

1070 1554 1231 1588 Bononiae
1266 1565 1368 1589 aetate
1395 1556 1529 1589 Domini
1553 1554 1705 1598 Azouis,
1734 1566 1829 1600 quum

1069 1604 1229 1638 scholares
1254 1613 1398 1648 poterant
1421 1604 1527 1637 vitare
1551 1604 1651 1647 forum
1679 1604 1714 1637 in
1741 1604 1829 1647 caus-

1064 1653 1103 1697 sa
1137 1654 1336 1695 crimina!i;
1373 1653 1420 1691 &
1456 1655 1590 1688 aderant
1626 1667 1658 1687 eo
1696 1664 1829 1699 tempore

1066 1703 1161 1745 ferme
1186 1705 1286 1737 decem
1321 1704 1428 1736 millia
1452 1703 1647 1736 Scholarium
1664 1729 1672 1737 .
1709 1704 1829 1739 Tanta

1068 1753 1233 1799 juvenum
1256 1751 1459 1790 affluentia,
1480 1765 1628 1798 quorum
1657 1753 1828 1801 plerisque

1068 1800 1279 1847 marsupium
1320 1802 1404 1836 bene
1432 1804 1618 1850 turgebat,
1656 1804 1827 1851 explicari

1067 1864 1136 1885 non
1167 1851 1299 1898 potest,
1327 1861 1460 1899 quanto
1488 1855 1729 1889 emolumento
1758 1856 1828 1890 Bo-

1067 1901 1283 1937 noniensmm
1327 1904 1427 1939 rebus
1466 1903 1597 1945 fuerit,
1638 1915 1828 1953 quantum-

1067 1965 1133 1998 que
1169 1952 1377 1990 incrementi
1416 1955 1460 1989 ob
1497 1968 1573 1990 eam
1608 1957 1753 1992 caussam
1792 1958 1827 1992 δε

1067 2002 1229 2045 Civitas,
1254 2003 1290 2040 ἃ
1323 2004 1550 2053 Reipublicae
1577 2006 1675 2042 illius
1703 2017 1828 2054 poten-

1067 2053 1116 2088 tia
1145 2056 1268 2089 Seculo
1298 2057 1394 2090 XllI.
1424 2056 1622 2103 praesertim
1652 2059 1827 2105 coeperit.

1066 2106 1170 2140 Tunc
1207 2106 1243 2140 in
1283 2105 1453 2141 finitimas
1483 2109 1593 2143 Urbes
1622 2121 1741 2144 eorum
1772 2109 1828 2144 vi-

1066 2169 1117 2191 res
1154 2155 1251 2203 saepe
1289 2156 1321 2191 se
1357 2168 1619 2200 exonerarunt,
1657 2158 1693 2195 ἃ
1733 2160 1824 2195 nihil

1066 2206 1180 2242 minus
1210 2207 1414 2255 cogitabant
1440 2210 1697 2254 Bononienses‚
1718 2212 1824 2258 quam

1065 2266 1177 2292 totam
1202 2258 1438 2299 Flaminiam,
1461 2259 1529 2296 five
1552 2262 1824 2297 Romandiolam

1065 2308 1216 2355 imperio
1241 2309 1300 2345 suo
1323 2310 1526 2359 adjungere.
1556 2314 1611 2348 Ne
1638 2315 1719 2348 vero
1743 2311 1823 2360 qui-

1066 2358 1181 2407 squam
1220 2373 1262 2396 ex
1299 2361 1518 2397 Liberalium
1556 2362 1702 2398 Artium
1743 2375 1821 2410 pro-

1065 2410 1243 2446 fessoribus
1270 2410 1358 2447 illuc
1382 2414 1422 2448 ad
1451 2415 1562 2461 Leges
1589 2414 1819 2461 interpretan-

1063 2461 1122 2496 das
1161 2461 1284 2497 accitis
1326 2464 1411 2498 adeo
1452 2463 1675 2499 invidendam
1715 2460 1817 2497 Urbis

1063 2510 1271 2548 felicitatem
1293 2512 1466 2549 minueret
1478 2541 1488 2559 ,
1509 2513 1719 2550 sacramento
1735 2511 1816 2557 qui.—

1685 2561 1768 2609 sque
