2237 3084
289 180 376 283 '539
614 220 827 267 BELJA
871 213 1464 274 FOROJULJENSJS.
1703 231 1787 275 340

231 288 268 322 're
295 282 386 332 quafi
413 281 450 318 in
478 288 593 318 totum
621 282 836 321 ammiffam,
863 281 983 316 nolen-
1017 280 1066 316 A*
1090 272 1239 309 tinenses
1278 273 1315 308 in
1353 285 1472 307 eorum
1509 276 1687 313 occursum
1726 275 1845 312 missae

232 342 285 371 tes
313 333 458 370 ulterius
485 335 658 373 tolerare,
686 331 893 368 discordiam
925 330 984 365 ha-

234 385 314 421 bere
340 393 528 431 coeperunt
557 397 635 420 cum
672 382 747 430 ipso
772 380 986 418 cardinali,

232 448 305 472 non
343 435 500 471 videntes
535 434 647 481 ipsum
679 430 895 469 Dominum,
930 428 987 464 sed

231 485 350 535 potius
379 485 572 521 Dominum
605 482 756 517 Paduae.

283 538 387 571 Tunc
423 535 549 569 iterum
579 544 657 566 cum
684 543 804 566 eorum
832 528 985 577 sequaci-

232 585 294 623 bus
329 584 375 619 est
411 583 482 631 liga
518 580 628 616 fasta.
665 581 722 616 Ad
759 593 916 628 guerram
955 578 987 614 se

230 634 443 683 posuerunt,
470 630 507 667 &
539 633 612 667 Nos
640 630 681 666 de
710 630 879 666 Maniaco
907 643 985 666 cum

231 685 301 721 eis.
331 685 477 731 Propter
499 680 592 729 quod
619 680 690 729 ipse
720 682 894 717 Dominus
925 683 986 715 Pa-

230 735 317 771 duae
338 732 432 768 suum
460 731 583 767 habuit
603 731 790 767 trastatum
812 744 890 766 cum
914 733 986 765 Do·
1008 748 1010 763 ι

231 785 331 821 mino
353 782 526 819 Rizzardo
545 782 586 818 de
609 781 829 820 Valvasono,
853 781 890 817 &
914 783 986 816 Do-

229 835 347 871 minus
371 832 571 870 cardinalis
597 832 711 880 fugam
736 832 778 866 de
803 832 905 867 nobie
929 832 981 866 de*

228 885 347 925 derat,
385 885 418 919 &
456 884 571 919 iverat
609 882 785 917 Paduam.
822 885 868 917 Et
904 881 985 917 dum

230 935 293 984 ipsi
320 936 362 970 de
391 934 510 970 Utino
546 933 746 968 dubitarent
783 933 824 969 de
863 932 984 967 Domi-

230 999 279 1022 no
315 985 515 1023 Rizzardo,
542 984 662 1031 quod,
700 992 739 1019 ut
774 982 882 1022 fecit,
918 996 988 1017 non

231 1036 331 1072 staret
352 1034 504 1070 constans
534 1034 645 1082 parti,
673 1034 710 1070 in
739 1047 808 1069 uno
828 1033 884 1068 die
908 1035 988 1068 Pro-

232 1086 328 1122 visor
352 1084 580 1120 Venetiarum
606 1083 784 1130 equitavit
810 1097 888 1119 cum
916 1086 987 1118 Do-

232 1137 333 1172 mino
371 1134 503 1169 Doimo
539 1134 580 1168 de
617 1133 801 1172 castello,
838 1135 871 1168 8<
910 1133 989 1169 aliis

232 1184 426 1222 Nobilibus
463 1184 503 1218 ad
533 1184 679 1217 Terram
722 1184 842 1217 Portus
879 1185 984 1218 Grua-

229 1234 296 1272 rii.
323 1235 371 1268 Et
397 1231 514 1267 vocari
539 1231 695 1267 fecerunt
722 1231 833 1279 ipsum
862 1233 985 1267 Domi-

230 1297 313 1321 num
345 1282 581 1321 Rizzardum,
612 1290 651 1316 ut
678 1284 718 1316 ad
746 1295 804 1317 eos
835 1282 989 1318 veniret.

231 1333 307 1381 Qui
335 1346 442 1382 quum
472 1330 639 1371 venisset,
676 1331 708 1368 ei
737 1332 989 1381 requisiverunt

231 1385 392 1422 Castrum
433 1385 556 1420 Portus
592 1382 759 1419 Gruarii.
796 1386 899 1420 Tunc
935 1385 979 1420 di*

230 1436 308 1473 xit:
340 1437 421 1478 Vos,
447 1433 599 1478 Domim'‚
626 1436 700 1468 bene
725 1435 895 1471 veneritis.
916 1439 989 1470 Non

231 1486 396 1530 displiceat
420 1484 532 1519 vobis.
558 1487 609 1519 De
634 1498 724 1519 mane
749 1487 838 1520 vobis
866 1488 985 1532 respon-

227 1537 301 1583 Jum
335 1537 435 1571 dabo.
471 1536 518 1570 Et
553 1535 705 1571 reversus
741 1535 779 1571 in
809 1536 987 1576 Castrum,

230 1586 348 1623 subito
384 1598 531 1634 nequam
569 1585 633 1622 ille
668 1586 845 1634 equitavit
880 1588 918 1623 in
955 1589 988 1623 la

229 1639 377 1676 Motta,
404 1650 492 1686 quae
524 1646 598 1672 erat
633 1646 717 1673 tunc
748 1637 894 1674 Domini
927 1640 985 1674 Pa-

229 1688 336 1724 duae.
374 1690 420 1723 Et
446 1686 618 1732 Iohannes
646 1688 687 1723 de
716 1689 890 1724 Barbiano
918 1691 980 1725 Ca·

229 1739 390 1787 pitaneus
427 1751 572 1786 magnae
608 1738 723 1784 gentis
761 1739 916 1784 peditum
954 1740 988 1773 &

230 1788 390 1835 equitum
428 1795 512 1821 tunc
540 1787 640 1821 venit
675 1786 713 1821 in
744 1788 849 1822 Portu
878 1790 987 1824 Grua-

231 1838 286 1873 rio
313 1847 384 1871 tam
414 1837 542 1874 tacite,
579 1837 671 1882 quod
707 1835 762 1871 isti
789 1837 983 1885 exspeEian—

231 1895 283 1922 tes
311 1885 507 1933 responsum
538 1884 600 1920 vix
635 1885 752 1934 fugam
781 1899 901 1935 capere
929 1902 984 1936 po-

230 1944 394 1975 tuerunt,
418 1949 481 1971 nec
509 1935 617 1971 Cives
641 1937 771 1972 Terrae
796 1937 888 1973 nihil
917 1938 988 1974 sen-

230 1987 373 2023 serunt.
408 1987 455 2021 Et
482 1987 627 2021 Terram
658 1985 767 2034 ipsam
800 1987 844 2023 fic
873 1990 986 2035 prodi-

229 2036 322 2074 torie
350 2044 572 2084 receperunt.
599 2037 691 2072 Cum
720 2037 847 2083 quibus
874 2040 982 2087 genti-

232 2088 295 2123 bus
330 2086 425 2123 idem
453 2085 629 2122 Dominus
656 2087 856 2124 Cardinalis
893 2100 989 2126 erat.

233 2139 483 2186 veneruntque
510 2136 625 2173 diffie
660 2148 778 2185 gentes
806 2152 883 2174 cum
916 2153 988 2176 ma—

231 2200 301 2235 gno
327 2187 441 2224 furore
469 2198 590 2224 contra
619 2189 772 2224 Patriam
806 2202 883 2225 cum
914 2204 987 2226 ma-

234 2237 313 2285 gnis
341 2237 562 2282 bombardis‚
599 2239 632 2274 8<
663 2239 818 2287 pluribus
848 2240 988 2277 diverfis

234 2285 506 2323 artificialibus.
545 2289 621 2334 Qui
661 2289 742 2325 inde
782 2291 988 2333 redeuntes,

233 2337 415 2374 venientes
452 2337 613 2374 Sanstum
648 2340 794 2382 Vitum,
831 2342 882 2378 ibi
919 2345 985 2379 Ca-

235 2386 336 2423 strum
370 2387 576 2425 insultantes
605 2403 669 2426 una
697 2391 754 2427 die
787 2392 900 2438 ipsum
928 2394 987 2430 de-

234 2436 419 2488 vicerunt;
454 2440 488 2475 &
527 2438 557 2475 se
595 2440 685 2489 parti
713 2443 882 2479 dederunt
916 2444 986 2481 ini-

234 2499 344 2535 quae,
367 2500 439 2523 non
461 2489 698 2527 obfistentibus
724 2494 907 2540 gentibus,
933 2495 985 2531 vi-

235 2537 365 2576 aelicet
389 2538 538 2577 Lam-‚eis
563 2542 631 2588 1..,
656 2554 744 2589 quae
769 2543 823 2582 ibi
848 2557 909 2594 per
934 2547 987 2582 U-

1090 324 1247 363 fuerant,
1274 324 1308 357 &
1337 335 1420 370 quas
1447 322 1549 357 illico
1576 326 1709 363 abunde
1735 339 1846 375 expu-

1089 375 1232 414 lerunt,
1264 372 1301 409 &
1331 381 1501 409 venerunt
1530 372 1706 411 Utinum.
1734 378 1848 412 Exin-

1090 425 1131 460 de
1167 425 1362 460 recedentes
1399 423 1513 459 diehe
1548 433 1691 472 gentes,
1728 426 1847 472 positis

1090 475 1143 511 ibi
1179 489 1297 511 eorum
1331 475 1527 523 Capitaneo
1562 475 1595 509 δε
1624 475 1847 513 officialibus

1091 525 1202 567 aliis,
1242 526 1422 562 venientes
1464 534 1544 561 ante
1583 527 1729 561 Terram
1766 530 1849 575 Spe-

1091 576 1288 626 gnimbergi
1317 590 1395 613 cum
1423 589 1543 612 eorum
1576 575 1729 612 infinitis
1765 591 1847 625 gen-

1091 628 1185 663 tibus
1213 628 1369 675 peditum
1398 628 1431 662 8<
1459 627 1644 676 equitum,
1671 628 1849 669 curribus,

1092 678 1291 714 bombardis
1308 703 1318 718 ‚
1359 678 1534 726 lapidibus
1553 706 1564 722 ‚
1607 677 1819 714 vistualibus
1837 702 1848 718 .

1090 729 1124 762 8<
1150 729 1229 764 aliis
1255 729 1468 765 necessariis.
1496 729 1570 775 Qui
1597 728 1639 765 de
1666 729 1849 778 Spegnim-

1091 779 1196 827 bergo
1232 779 1334 815 illico
1371 780 1403 816 se
1444 781 1534 828 parti
1571 780 1738 816 dederunt
1780 779 1847 815 fine

1091 841 1212 869 mora,
1248 830 1293 865 ob
1330 830 1495 866 timorem
1532 830 1690 870 indueti,
1725 832 1759 866 &
1787 844 1848 866 ez<-

1091 880 1233 919 territi,
1266 893 1336 915 non
1366 882 1567 916 tollerantes
1596 881 1704 917 i5‘tum
1735 881 1846 916 solum

1091 929 1241 978 lapidis,
1269 943 1331 965 nec
1359 931 1507 966 trabium
1537 932 1639 966 unius
1668 931 1847 968 balestrae.

1091 981 1154 1015 Sed
1184 980 1380 1028 priusquam
1409 982 1449 1016 ad
1478 983 1623 1016 Terram
1661 981 1849 1030 applicuis-

1091 1029 1190 1070 sent,
1227 1031 1452 1067 concordium
1488 1044 1566 1067 cum
1603 1031 1682 1080 ipsis
1720 1033 1848 1068 habue-

1091 1090 1171 1116 runt
1199 1080 1279 1117 satis
1309 1082 1564 1118 verecundum.
1593 1083 1634 1118 In
1662 1096 1730 1131 qua
1757 1085 1848 1118 Ter-

1091 1144 1126 1165 ra
1154 1141 1251 1167 erant
1284 1134 1374 1168 ultra
1405 1136 1515 1170 Lxx.
1543 1135 1702 1170 Lanceae
1740 1133 1848 1182 partis

1092 1181 1289 1222 Utinensis,
1310 1184 1342 1218 ὃ(
1366 1185 1496 1231 pedites
1517 1182 1553 1218 in
1576 1183 1763 1220 sufficienti
1784 1198 1850 1220 nu-

1092 1243 1186 1266 mero
1224 1245 1286 1279 pro
1313 1247 1432 1269 eorum
1461 1234 1675 1269 defensione.
1713 1236 1758 1270 Et
1794 1235 1849 1271 his

1091 1293 1161 1315 non
1188 1281 1428 1326 obstantibus,
1466 1284 1523 1322 se,
1553 1294 1590 1318 ut
1617 1284 1750 1320 dietum
1779 1286 1848 1325 eii,

1091 1330 1202 1366 statim
1233 1333 1456 1369 reddiderunt
1484 1333 1643 1369 adversae
1675 1334 1763 1381 parti
1794 1336 1850 1371 U-

1092 1381 1298 1418 tinenfium.
1327 1384 1384 1419 Ad
1412 1385 1503 1432 quod
1530 1384 1753 1421 concordium
1781 1385 1849 1422 fuit

1093 1433 1223 1468 nobilis
1249 1434 1422 1469 Dominus
1452 1435 1618 1470 Nicolaus
1643 1436 1683 1471 de
1710 1439 1848 1476 Farina,

1095 1497 1154 1531 pro
1182 1497 1251 1531 quo
1277 1484 1463 1533 miserant;
1492 1485 1669 1521 ostendens
1697 1488 1791 1523 nolle
1817 1487 1850 1524 se

1093 1535 1264 1581 impedire
1290 1536 1331 1570 de
1358 1535 1531 1583 praedlffia
1555 1550 1696 1584 guerra,
1721 1537 1851 1574 fortifi-

1094 1585 1203 1620 cando
1226 1588 1374 1621 Roccam
1398 1589 1557 1625 szzae,
1577 1588 1610 1622 8<
1631 1587 1748 1624 foveas
1769 1601 1849 1624 curn

1094 1635 1294 1671 bertoneffis
1332 1636 1518 1676 faciendo,
1553 1639 1586 1672 8<
1625 1647 1736 1673 totam
1767 1640 1850 1674 Vil-

1094 1686 1162 1720 lam
1194 1689 1330 1722 fannae
1365 1686 1609 1727 fortificando,
1646 1688 1731 1724 licet
1762 1688 1849 1725 fina-

1093 1736 1176 1771 liter
1204 1746 1278 1772 tota
1308 1736 1413 1772 fuerit
1440 1738 1624 1774 destruffia.
1654 1740 1701 1773 Et
1729 1741 1850 1775 exclu-

1093 1785 1132 1821 fis
1169 1786 1247 1835 ipsis
1282 1788 1444 1835 gentibus
1480 1789 1522 1823 de
1559 1800 1654 1835 parte
1682 1788 1848 1825 Utinensi

1093 1836 1129 1872 in
1153 1839 1262 1872 Terra
1286 1838 1533 1886 Spilimbergi‚
1559 1851 1620 1886 pro
1645 1852 1764 1874 eorum
1790 1839 1851 1875 de-

1093 1885 1243 1922 fenfione
1269 1886 1399 1927 mistis,
1424 1889 1554 1922 nobilis
1582 1889 1754 1924 Dominus
1782 1889 1851 1925 Ni-

1093 1938 1209 1973 colaus
1247 1937 1288 1972 de
1324 1937 1622 1987 Spegnimbergo,
1660 1938 1720 1986 qui
1759 1941 1850 1975 mul-

1092 1997 1168 2023 tum
1196 1987 1370 2027 distans,
1398 1997 1555 2028 amatus,
1592 1990 1625 2024 &
1659 1989 1850 2026 honoratus

1093 2037 1204 2074 fuerat
1232 2052 1290 2086 per
1318 2037 1535 2079 Utinenses,
1563 2040 1596 2074 &
1625 2053 1743 2076 eorum
1773 2054 1849 2087 par-

1092 2098 1191 2129 tem,
1227 2090 1261 2124 ⁴&
1298 2088 1390 2137 quafi
1427 2099 1530 2137 caput
1570 2090 1668 2125 illius
1710 2092 1848 2138 partis,

1092 2152 1199 2187 quum
1241 2139 1393 2176 reversus
1431 2140 1502 2176 fuit
1542 2140 1724 2180 Utinum‚
1765 2141 1848 2189 quia

1091 2190 1280 2226 concordio
1307 2189 1400 2226 faSio
1428 2204 1505 2227 cum
1544 2190 1622 2239 ipsis
1658 2190 1849 2240 gentibus,

1090 2242 1124 2276 ὃ(
1162 2240 1241 2285 ipfis
1277 2241 1319 2278 de
1356 2242 1658 2290 SpegnimbergO,
1694 2242 1847 2279 reversus

1090 2291 1135 2327 est
1171 2290 1354 2332 Utinam,
1390 2294 1423 2328 3<
1461 2292 1511 2329 ibi
1549 2305 1681 2328 moram
1719 2291 1846 2329 affidue

1090 2341 1270 2383 trahebat,
1295 2356 1400 2391 quum
1430 2342 1597 2380 introivit
1623 2344 1768 2379 Terram
1797 2346 1847 2378 U-

1090 2393 1182 2433 tini,
1200 2393 1237 2428 in
1259 2392 1372 2430 furore
1391 2394 1517 2441 Populi
1538 2393 1739 2429 interfeaus
1759 2393 1846 2433 fuit,

1090 2445 1123 2479 8<
1152 2443 1275 2480 dubius
1301 2444 1370 2481 fuit
1403 2444 1501 2493 super
1530 2446 1683 2480 Plateam
1714 2442 1844 2487 Utini‚

1089 2496 1124 2531 8<
1152 2494 1205 2532 ibi
1230 2495 1326 2533 stetit
1352 2495 1444 2544 quafi
1470 2508 1532 2544 per
1557 2504 1668 2530 totam
1696 2493 1810 2529 diem.

1689 2594 1793 2630 Tunc
