2237 3084
206 264 285 304 129
376 245 743 290 DISSERYATIO
777 238 1524 301 ,QUADRAGESIMAQJARTAE
1621 261 1701 301 130

139 306 332 349 stronomin’.
360 307 482 343 Codex
504 304 767 354 diligentissime
794 303 901 350 scrip·
933 302 969 336 A
988 297 1079 334 hanc
1101 297 1240 346 ingenti
1261 307 1389 333 conatu
1409 300 1497 335 olim
1519 301 1601 337 Afri
1616 331 1624 346 ,
1649 308 1760 340 Grae·

142 366 199 392 tus
223 358 342 393 saltem
365 367 445 393 ante
465 370 572 393 annos
597 354 895 401 quadringentos;

143 407 266 444 literae
289 409 401 444 minio
430 408 575 453 aliisque
601 403 818 438 ornamentis
844 402 898 436 di·

144 457 308 494 stinzstae.
338 459 428 494 Heic
456 455 634 491 hominem
662 451 802 491 videas,
839 450 900 499 qui

146 522 236 558 genu
265 508 378 548 flexo,
406 519 464 554 per
485 505 608 539 tubum
629 502 821 550 oblongum
842 503 900 537 de-

146 559 335 599 cussatum,
363 556 399 591 δί
428 554 690 590 incumbentem
719 552 830 588 hastae
849 565 901 588 re-

145 609 242 651 ssae,
279 608 414 642 Lunam
452 605 484 639 &
523 604 646 638 Stellas
684 604 900 651 contempla-

142 666 225 693 tur.
269 655 428 690 Similem
473 652 667 689 Ptolemaei
708 653 901 702 imaginem

141 706 176 742 se
204 705 325 741 vidisse
352 704 491 740 testatus
520 704 629 740 fuerat
649 703 792 739 clariss.
820 703 900 740 Ma—

143 755 312 792 billonius
349 755 385 790 in
416 754 548 790 vetusto
583 754 739 795 Codice,
776 755 828 789 ita
864 764 905 790 ut
937 767 966 802 Β

144 804 332 853 suspicioni
352 806 450 841 locus
471 805 580 840 fabius
601 804 728 845 fuerit,
748 805 901 852 aliquem

140 855 324 904 telescopii
353 855 447 891 usum
478 855 577 891 fuiffe
604 855 760 903 antiquis
783 855 901 890 Astro-

141 906 280 942 nornis.
304 907 367 942 Sed
388 907 420 941 &
449 906 622 950 johannes
646 905 796 952 Baptista
819 908 902 941 Por-

143 963 180 992 ta
208 957 242 992 in
275 957 384 992 Libro
405 958 445 992 de
469 957 588 1005 Magia
611 956 798 996 Naturali,
826 959 903 992 An-

143 1019 192 1042 no
238 1009 449 1044 Moxmx.
495 1020 564 1043 non
611 1006 778 1042 abfimilis
828 1005 904 1042 tubi

143 1057 362 1093 mentionem
403 1057 523 1107 fecit3
566 1057 767 1105 diciturque
807 1057 906 1093 fuiffe

146 1107 350 1142 Ptolemaeo
391 1107 557 1157 Evergeti
599 1107 826 1156 telescopium
868 1108 905 1143 in

146 1157 260 1192 Pharo
290 1158 546 1198 Alexandriae,
583 1160 680 1206 cujus
708 1172 773 1206 ope
802 1171 906 1194 naves

145 1206 344 1254 longiffime
379 1208 512 1243 diffitas
550 1209 806 1255 prospiciebat.
836 1211 906 1243 Ve-

143 1257 220 1291 turn
252 1257 440 1303 Vignolius
472 1257 700 1300 Mammas,
732 1259 907 1292 Henricus

143 1304 337 1353 Vagetius‚
365 1304 402 1341 δ(
440 1307 613 1349 johannes
642 1308 812 1343 Albertus
841 1311 906 1343 Fa-

143 1355 275 1391 bricius
312 1358 355 1391 V.
392 1357 450 1392 el.
490 1359 595 1393 Tom.
630 1371 666 1404 4.
707 1370 782 1406 pag.
820 1359 906 1405 466.

144 1404 389 1442 Bibliothecae
429 1409 611 1451 Graecae,
661 1408 754 1452 fibi,
796 1422 906 1456 neque

144 1454 348 1498 immerito,
376 1456 609 1504 persuaserunt
624 1486 632 1499 .
654 1459 825 1506 ejusmodi
848 1473 904 1495 ve—

145 1514 258 1542 terum
297 1507 399 1542 tubos
437 1508 531 1542 vitro
568 1507 750 1544 destitutos
787 1509 907 1549 fuisse,

143 1565 248 1603 atque
276 1555 314 1592 in
341 1569 421 1591 eum
443 1559 690 1593 tantummodo
720 1559 825 1594 finem
848 1560 906 1595 ad—

143 1605 301 1644 hibitos.
331 1616 368 1642 ut
396 1607 492 1641 oculi
529 1608 726 1649 intentius,
764 1609 802 1646 &
840 1609 908 1646 fine

1003 349 1061 389 ci,
1100 347 1253 383 Romani
1283 350 1494 392 excoluere,
1531 353 1763 400 plurimisque

1003 398 1123 435 Libris
1151 398 1243 433 idem
1273 409 1516 447 argumentum
1547 399 1624 435 sunt
1653 404 1762 449 perse-

1004 450 1128 498 quuti.
1156 449 1342 497 Spartiano
1376 449 1457 485 teste
1494 451 1531 486 in
1560 453 1676 496 Vero,
1705 466 1764 501 ge-

1005 500 1143 536 niturae
1169 513 1213 535 ex
1242 500 1337 536 astris
1373 500 1592 537 deducendae
1626 506 1767 549 plerxque

1004 551 1160 595 Afrorum
1183 551 1362 596 peritffmi
1392 551 1498 594 fuere.
1537 553 1599 587 Sed
1638 554 1670 588 δι
1709 554 1770 590 illi

1006 601 1155 636 habuere
1174 603 1326 637 Graecos
1352 601 1478 646 duces,
1506 602 1619 638 immo
1648 604 1766 651 potius

1007 651 1205 687 Chaldaeos
1247 662 1352 700 atque
1387 654 1611 701 Aegyptios:
1657 654 1769 689 adhuc

1007 703 1101 737 enim
1139 701 1320 750 supersunt
1344 707 1613 750 Apotelelmatica
1650 706 1769 738 Mane-

1007 753 1112 787 thom's
1138 753 1340 801 Aegyptii,
1377 754 1564 802 Scriptoris
1603 754 1679 790 sane
1708 768 1769 790 ve-

1007 802 1206 848 tustissimi,
1235 805 1304 851 jam
1332 804 1451 840 edita.
1489 807 1651 841 Habetur
1678 805 1768 852 apud

1009 856 1055 889 A.
1092 854 1249 890 Gellium
1288 856 1371 891 Lib.
1413 869 1469 902 14.
1506 859 1594 903 Cap.
1633 857 1771 904 primo.

1009 904 1214 952 Disputatio
1243 906 1411 942 Favorini
1439 909 1593 942 advenas
1619 920 1687 946 eos,
1715 906 1770 954 qui

1009 956 1164 990 Chaldaei
1191 958 1395 1002 appellamur
1412 985 1421 1001 ‚
1461 958 1506 995 ὠ
1534 972 1570 992 ex
1596 969 1678 992 coetu
1706 970 1772 991 mo·-

1009 1006 1152 1053 tibusque
1177 1009 1322 1041 staterum
1350 1007 1395 1046 ό*
1424 1009 1620 1051 Stellarum,
1643 1008 1715 1050 fata
1739 1007 1773 1050 se

1012 1057 1167 1089 hominum
1202 1057 1339 1092 diffuros
1375 1059 1559 1101 pollicentur
1582 1083 1591 1093 .
1630 1059 1770 1093 Multos

1010 1119 1028 1139 e
1055 1106 1198 1142 Graecis
1223 1107 1441 1143 AuE‘coribus
1469 1109 1541 1144 levi
1570 1108 1632 1149 ,hac
1664 1109 1694 1143 8<
1726 1108 1773 1142 il-

1010 1156 1139 1191 lusoria
1167 1159 1257 1192 Arte
1293 1158 1476 1194 deleffiatis
1513 1158 1666 1194 recenset
1706 1171 1772 1194 nu-

1012 1220 1069 1253 per
1096 1208 1256 1242 laudatus
1287 1208 1468 1244 Fabricius
1508 1210 1589 1245 Lib.
1621 1221 1653 1256 3.
1682 1210 1772 1255 Cap.

1013 1269 1071 1292 20.
1119 1257 1297 1293 utiliffimi
1349 1259 1473 1305 Operis
1527 1259 1772 1294 Bibliothecae

1011 1309 1181 1341 Graecae.
1199 1309 1290 1342 Vide
1308 1310 1539 1356 Legationem
1559 1308 1774 1356 Liutprandi

1012 1356 1253 1392 Cremonensis
1282 1358 1446 1405 Episcopi
1475 1361 1593 1395 Tomo
1624 1361 1669 1394 11.
1694 1361 1774 1394 Rer.

1014 1408 1216 1443 Italicarum
1235 1434 1243 1442 .
1281 1410 1508 1456 Quantopere
1536 1419 1618 1444 tunc
1646 1408 1776 1443 Graeci.

1013 1458 1105 1493 hisce
1143 1457 1424 1502 deleffirentur,
1463 1458 1514 1495 ibi
1552 1459 1675 1494 habes.
1705 1461 1778 1494 Ve-

1013 1519 1101 1544 teres
1130 1509 1236 1543 etiam
1267 1509 1391 1545 Latini
1420 1510 1520 1544 nobis
1549 1509 1671 1545 dedere
1693 1511 1775 1544 Ma-

1014 1559 1166 1600 nilium,
1203 1558 1241 1592 &
1282 1558 1415 1600 Julium
1455 1559 1648 1593 firmicum
1692 1558 1774 1594 huie

1014 1608 1123 1643 studio
1151 1606 1403 1642 addiffiffimos
1421 1633 1429 1641 .
1468 1608 1668 1643 Hadrianus
1697 1611 1776 1644 Au·

144 1657 295 1692 aliorum
337 1656 555 1704 obje&orum
593 1658 755 1699 incursu,
792 1661 908 1696 radios
943 1670 975 1703 D
1013 1657 1147 1706 gustus,
1175 1657 1357 1703 spartiano
1394 1656 1497 1699 teste,
1535 1657 1697 1699 Mathelin
1728 1658 1774 1699 sic

145 1706 341 1741 caelestium
372 1720 555 1752 corporum
585 1710 811 1757 exciperent.
854 1711 908 1746 Ita

144 1758 233 1799 apud
276 1759 475 1791 Ditmarum
514 1757 596 1791 Lib.
635 1761 668 1792 6.
705 1759 907 1802 Chronici,

146 1807 357 1843 Gerbertus,
385 1805 446 1849 qui
475 1805 586 1850 postea
616 1807 809 1841 Romanam
834 1806 905 1843 Ca-

146 1855 303 1889 thedram
334 1853 394 1889 sub
423 1853 577 1889 silvestri
606 1854 652 1890 ll.
682 1857 825 1892 nomine
855 1866 906 1893 te-

148 1904 251 1946 nuit,
280 1904 502 1950 horologium
524 1903 638 1938 feciffe
658 1904 811 1947 dicitur,
837 1920 906 1941 con-

141 1954 284 1995 fiderem?
301 1964 356 1998 per
376 1953 533 1995 Ftstulam
551 1954 688 1999 quadam
708 1954 806 1995 stella
827 1969 905 1990 nau-

145 2013 250 2038 tarum
275 2004 370 2038 duce.

199 2055 335 2101 Negare
372 2061 489 2088 tamen
517 2051 659 2095 nolim,
696 2052 782 2101 quin
821 2054 905 2090 adeo
932 2059 935 2115 Ι

147 2103 241 2139 εῐξὶα
282 2103 521 2139 Literatorum
563 2103 695 2139 Christi

147 2167 225 2190 cum
249 2155 404 2189 Arabum
431 2154 550 2190 Libris
574 2153 819 2195 familiaritas,
846 2170 905 2192 eos

147 2218 288 2252 quoque
316 2204 493 2240 interdum
529 2203 712 2241 deflexerit
749 2206 791 2241 ad
828 2206 902 2242 ina-

147 2255 207 2291 nia
234 2255 366 2296 studia,
393 2256 518 2302 quibus
544 2255 710 2292 deleffiati
738 2256 817 2292 sunt
845 2259 904 2292 Sa·

149 2319 350 2342 racenorurn
390 2306 571 2353 plerique.
608 2308 755 2354 Loquor
781 2308 824 2343 de
850 2311 903 2343 A·

143 2357 292 2403 firologia
330 2357 542 2400 judiciaria,
579 2356 647 2392 five
681 2358 905 2395 divinatione

147 2405 343 2443 futurorum
372 2421 415 2443 ex
444 2407 607 2443 astrorum
636 2408 832 2455 positione:
862 2410 904 2445 ad

150 2457 245 2501 cujus
271 2458 445 2503 studium,
479 2468 582 2494 antea
609 2471 680 2494 non
716 2459 904 2509 ignotum,
930 2481 938 2609 Ι

152 2517 261 2552 neque
286 2509 458 2546 insuetum
475 2534 486 2549 ‚
513 2510 646 2545 Arabes
672 2511 785 2546 acrius
812 2511 903 2546 inci-

149 2563 267 2592 tarunt
293 2561 551 2601 Eur-opacorum
578 2561 721 2609 ingenia
737 2588 747 2598 .
775 2564 901 2598 Artem

245 2610 334 2643 Tom.
363 2611 422 2644 IX.

747 2104 903 2140 fidelium
943 2113 974 2147 E

1008 1711 1086 1751 scire
1106 1707 1171 1746 fibi
1196 1707 1283 1747 visus
1311 1707 1378 1749 ιβ,
1406 1717 1441 1741 ut
1468 1708 1616 1742 Calendis
1640 1711 1776 1751 Janua·

1013 1757 1069 1790 riis
1097 1756 1282 1802 scriplrrit‚
1317 1758 1396 1803 quid
1421 1757 1450 1791 ei
1475 1767 1538 1790 toto
1564 1769 1648 1791 anno
1680 1756 1778 1802 pcffee

1013 1807 1154 1841 evenire.
1196 1807 1298 1840 Plura
1326 1806 1396 1840 alia
1422 1806 1583 1852 exempla
1612 1805 1774 1853 suppedi-

1013 1865 1065 1891 tat
1085 1853 1240 1889 Historia
1269 1856 1448 1889 Romana.
1477 1856 1594 1900 Quare
1618 1857 1673 1890 vel
1701 1856 1773 1904 ipse

1013 1901 1271 1949 antiquissimus
1299 1904 1542 1941 Tertullianus
1568 1905 1604 1941 in
1628 1907 1710 1942 Lib.
1731 1908 1773 1943 de

1013 1952 1220 1990 Idololatria
1232 1979 1241 1995 ‚
1257 1952 1293 1988 in
1311 1954 1586 1991 Mathematicus
1608 1957 1773 2002 exardet,

1013 2016 1053 2040 ac
1080 2002 1262 2051 praecipue
1300 2002 1336 2039 in
1374 2004 1506 2041 Christi
1545 2006 1687 2046 fideles,
1714 2021 1775 2043 eo-

1014 2067 1091 2090 rum
1120 2053 1246 2089 fabulis
1267 2067 1307 2089 ac
1335 2054 1480 2091 somniis
1510 2055 1613 2092 fidem
1644 2057 1775 2093 haben-

1015 2115 1087 2140 tes.
1116 2105 1209 2140 Vide
1237 2103 1274 2140 &
1303 2106 1550 2153 Apollinarem
1591 2107 1777 2144 Sidonium

1015 2155 1098 2191 Lib.
1127 2157 1160 2191 8.
1189 2155 1333 2202 Epistol.
1374 2168 1430 2191 11.
1465 2158 1528 2203 qui
1557 2157 1663 2193 Afros
1700 2158 1777 2194 ine·

1016 2215 1095 2254 ptae
1122 2205 1223 2254 hujus
1245 2205 1346 2241 Artis
1374 2206 1433 2241 suo
1458 2207 1564 2243 etiam
1587 2222 1674 2244 aevo
1696 2210 1776 2243 Ma-

1015 2256 1137 2304 gistros
1176 2255 1344 2292 describit
1367 2283 1377 2293 .
1417 2258 1595 2306 Tempore
1636 2272 1775 2306 quoque

1015 2305 1195 2343 Ludovici
1218 2306 1274 2342 Pii
1295 2307 1436 2343 circiter
1456 2311 1599 2345 Annum
1625 2310 1776 2345 DCCC-

1016 2359 1222 2393 XXXVIII.
1250 2358 1389 2394 Αυξὶοι·
1417 2359 1522 2395 Vitae
1558 2360 1681 2403 illius,
1717 2358 1775 2394 sub

1015 2407 1160 2444 nomine
1184 2408 1368 2451 Astronomi
1403 2420 1528 2450 notus,
1565 2410 1598 2446 se
1633 2423 1702 2446 non
1738 2422 1773 2443 a-

1015 2459 1149 2495 lienum
1190 2460 1232 2494 ab
1273 2460 1444 2508 ejusmodi
1481 2461 1601 2497 studiis
1638 2458 1772 2508 prodit-

1016 2509 1070 2546 Ita
1096 2510 1224 2546 eisdem
1253 2511 1494 2559 temporibus,
1532 2512 1597 2548 hoc
1624 2511 1669 2545 est
1698 2511 1772 2542 An·

1016 2573 1062 2596 no
1097 2563 1349 2599 DCCCXXV.
1379 2563 1551 2599 Adelmus
1588 2554 1774 2644 CAaggenfis

1138 2611 1156 2646 Ι
1687 2619 1723 2642 as
