2237 3084
223 206 274 247 δι

407 198 772 245 DISSERTATIO
804 190 1542 254 QUADRAGESJMAQUARM.

1674 199 1726 240 82

166 258 383 298 Institution.
414 261 575 297 Divinar.
607 259 757 296 Literar.
795 257 827 290 se
854 256 924 290 ela-
956 255 993 288 A
1026 251 1078 295 li,
1104 251 1138 285 &
1167 260 1351 298 utramque
1378 250 1478 286 fimul
1506 253 1701 290 consentire
1727 254 1789 291 sta-

169 312 324 356 bnt-affe,
362 323 398 348 ut
438 312 639 358 Epiphanius
674 309 728 341 vir
761 305 924 348 disertiffi-

166 375 235 396 mm
263 363 298 399 in
330 363 493 399 Latinam
523 360 697 405 Linguam
723 354 923 389 transferret

166 413 345 452 Socratis,
383 409 592 448 Sozomeni2
629 419 667 440 ²0
704 404 923 440 Theodoreti

166 463 362 501 H÷st0rias‚
390 461 426 497 &
456 458 549 493 varia
580 455 750 501 Didymi,
777 457 812 490 δε
840 458 924 490 San-

167 512 218 549 sti
253 509 439 560 Epiphanii
475 518 607 554 opera3
646 509 819 540 Mutunus
848 508 923 540 Ho-

168 563 286 598 milias
312 560 449 604 aliquot
475 556 740 604 Chrysostomi;
783 557 926 590 Bellator

166 613 329 654 Presbyter
358 608 537 644 Homilias
570 608 736 655 Origenis
762 607 828 641 ἃς.
856 609 925 640 Ex-

162 660 306 707 positum
324 687 334 702 ,
362 658 482 705 inquit
508 657 746 693 Caffiodorius
774 655 864 704 Cap.
892 669 926 703 9.

164 720 296 757 quantos
323 712 376 743 vel
415 709 559 743 invenire
593 710 707 755 priscos
741 709 898 752 potuimus
917 731 928 747 ‚

166 763 220 793 vet
248 770 344 806 nuper
376 771 432 805 per
465 759 575 793 amicos
605 760 720 799 nostroe
746 761 784 791 de
811 761 929 792 Graeca

166 810 294 856 Lingua
320 809 510 853 transferri,
547 810 601 843 vel
636 822 720 843 nova
747 810 818 842 cudi
851 809 927 852 feci-

168 873 257 894 mus.
285 861 338 894 Eo
365 872 504 907 quoque
532 870 676 907 urgente
702 860 814 894 multa
835 869 930 894 tran-

168 909 265 945 stulit
296 910 462 955 Dionysius
490 914 662 955 Exiguus.
698 913 762 945 Sed
790 911 930 957 quando

169 959 238 995 huc
279 960 468 1002 venimus,
513 962 619 996 liceat
662 960 753 996 mihi
794 974 932 996 exerere

173 1010 322 1056 alicujus
359 1011 464 1057 pretii
493 1012 684 1055 notitiam,
721 1011 818 1059 cujus
858 1025 932 1059 par-

171 1060 318 1105 ticipem
361 1061 553 1103 Iohannem
591 1061 842 1101 Hudsonium‚
880 1061 931 1096 vi—

171 1123 248 1146 rum
278 1111 370 1145 inter
392 1124 535 1159 magnae
557 1111 759 1147 Britanniae
780 1113 935 1147 eruditos

171 1159 426 1195 Clariffimum'
455 1163 543 1195 olim
588 1161 654 1196 feci
693 1175 751 1209 per
787 1162 934 1203 literas,

171 1219 274 1253 antea
301 1223 404 1256 quam
443 1210 473 1245 is
510 1211 692 1261 evulgaret
726 1213 842 1257 Opera
878 1214 934 1254 Jo-

171 1259 268 1306 sephi
306 1260 484 1295 Hebraei.
530 1261 681 1295 Perierat
717 1260 780 1295 ille
809 1274 826 1295 a
855 1274 908 1296 me
927 1289 937 1302 ,

171 1319 212 1345 ut
239 1310 324 1356 quid
363 1310 524 1345 sentirem
565 1312 605 1345 de
643 1309 770 1359 insigni
803 1311 936 1347 Codice

171 1359 423 1396 Ambrofianae
462 1360 733 1404 Bibliothecae,
772 1362 832 1397 ubi
860 1366 931 1397 An-

171 1411 361 1456 tiquitatum
403 1413 617 1456 judaicarum
661 1412 765 1448 Libri
807 1414 938 1448 Latine

174 1461 305 1497 redditi
333 1463 584 1506 continentur,
621 1463 662 1496 ad
691 1462 723 1497 se
752 1463 933 1509 perscribe-

173 1523 270 1546 rem.
297 1512 469 1547 Codicem
499 1513 603 1547 illum
633 1525 703 1547 non
731 1522 804 1548 tam
834 1526 936 1548 vene—

172 1561 279 1597 randa
323 1562 468 1597 vetustas
511 1562 643 1597 summe
684 1565 936 1607 commendat,

172 1624 278 1659 quam
307 1612 460 1648 Chartae
487 1615 640 1661 raritas;
679 1614 809 1662 quippe
837 1615 866 1650 is
894 1628 937 1649 ex

172 1674 304 1710 papyro
332 1662 387 1698 seu
421 1663 559 1710 philyra
588 1666 810 1711 Aegyptiaca
839 1678 933 1699 com—

174 1711 323 1760 passus,
367 1713 577 1748 edacitatem
619 1713 787 1757 temporis
828 1714 936 1747 hucu-

175 1761 257 1806 sque
298 1760 406 1794 evalit
431 1787 439 1795 .
483 1760 720 1795 Mabillonius
762 1774 838 1809 pag.
880 1773 936 1797 12.

176 1811 337 1844 Itinerar.
367 1808 480 1844 Italic.
510 1809 684 1856 postquam
714 1811 860 1858 plurimi
882 1825 936 1847 ae·

175 1859 386 1895 {limandum
413 1859 587 1893 Codicem
614 1859 705 1893 hunc
730 1863 936 1906 pronuntia-

175 1909 256 1952 vit,
294 1908 377 1943 haec
416 1907 552 1943 subdit:
589 1911 693 1953 ,Quem
729 1910 837 1954 utique
872 1924 938 1945 cum

175 1959 263 1994 edita
291 1957 411 2002 Rufini
435 1958 574 1998 versione
604 1960 738 1992 libenter
764 1959 936 2005 contuliffe-

175 2022 265 2051 mus,
293 2009 319 2047 [ἱ
344 2022 412 2042 eam
439 2009 624 2043 Mediolani
650 2020 825 2053 recuperare
851 2011 940 2045 nobis

176 2058 332 2106 licuiffet.
360 2059 577 2094 Guilielmus
604 2061 703 2095 Cave
741 2059 778 2095 in
806 2060 938 2097 Histor.
961 2067 964 2108 {

179 2110 332 2147 Literar.
360 2110 402 2145 de
431 2108 559 2146 Rufino
595 2109 767 2150 scribens,
803 2111 941 2147 Mabil-

179 2160 272 2197 lonii
301 2159 482 2196 confilium
523 2161 720 2197 frustratum
748 2161 812 2197 hac
839 2162 876 2198 in
905 2176 940 2198 re

179 2210 280 2248 fuiffe
315 2212 541 2247 vehementer
578 2212 698 2257 dolet,
735 2224 840 2261 atque
875 2214 939 2247 uti-

173 2275 252 2300 nam
268 2287 278 2302 ‚
304 2262 377 2300 ait,
413 2264 495 2310 quod
521 2262 555 2297 in
580 2264 686 2298 animo
712 2264 848 2303 babuit,
875 2278 942 2298 cum

179 2314 267 2347 edita
294 2312 412 2357 Rufini
446 2313 586 2354 versione
619 2313 790 2361 eontuliffet
828 2316 885 2348 Vir
910 2329 942 2348 e—

182 2364 408 2409 ruditiffimus.
437 2366 524 2399 Rem
552 2378 638 2413 ego,
666 2378 774 2412 quum
800 2365 943 2401 Medio-

186 2412 256 2448 lani
285 2428 419 2462 agerem
437 2442 447 2457 ,
475 2415 564 2451 olim
593 2416 768 2464 praestiti,
805 2416 871 2451 hoc
899 2415 944 2450 est

185 2463 364 2508 vulgatam
392 2466 451 2501 sub
481 2466 601 2502 Rufini
630 2466 775 2502 nomine
802 2466 942 2513 josephi

188 2511 378 2560 versionem
404 2529 483 2552 curn
510 2524 632 2554 eodem
659 2517 793 2554 Codice
817 2527 942 2554 contu-

286 2575 375 2611 Tem.
403 2576 462 2611 lx.

966 703 1007 741 Β,

1029 302 1096 337 tim
1125 300 1381 336 animadverti.
1410 302 1450 336 In
1478 314 1520 336 eo
1548 302 1684 339 Codice
1712 306 1793 341 nul-

1028 353 1063 386 la
1105 350 1227 386 Rufini
1267 353 1377 400 vulgo
1419 351 1547 387 crediti
1590 353 1792 401 interpretis

1029 402 1192 437 mentio:
1231 403 1325 450 quod
1363 403 1559 445 Puteanus,
1595 405 1791 452 Hottinge-

1029 466 1107 496 rus,
1135 451 1174 488 &
1201 453 1265 489 alii
1301 452 1464 488 arbitrati
1500 453 1566 489 effe
1602 455 1793 493 videntur.

1031 504 1152 538 Primo
1171 503 1252 538 loco
1279 503 1334 539 ibi
1359 505 1524 551 leguntur
1543 506 1688 540 nnnulla
1711 506 1792 543 Lib.

1031 556 1094 588 VI.
1122 567 1161 588 ac
1190 556 1232 588 X.
1260 552 1482 602 fragmenta,
1523 562 1599 590 tum
1629 558 1793 604 pleraque

1030 618 1048 639 e
1076 603 1197 639 Libris
1225 606 1308 639 VII.
1333 606 1432 639 VIII.
1461 606 1496 640 &
1526 607 1587 641 lx.
1615 606 1795 643 desumta.

1033 655 1215 690 Nimirum
1237 655 1330 690 vitio
1352 655 1473 699 illius,
1500 655 1562 704 qui
1590 656 1677 692 folia
1698 671 1796 693 com-

1031 705 1154 753 pegit,
1195 705 1372 741 Historiae
1410 707 1565 742 inversus
1603 709 1647 743 est
1682 709 1796 753 ordo,

1029 757 1064 790 8<
1085 755 1254 803 quaedam
1276 770 1319 791 ex
1340 756 1453 792 Libro
1481 757 1620 793 Οὲὶενο
1649 772 1797 808 praepo-

1031 806 1092 841 fita
1129 806 1208 842 sunt
1244 806 1402 854 Septimo
1424 835 1435 850 ,
1471 809 1504 842 ὅ(
1543 811 1711 844 nonnulla
1751 823 1796 846 ex

1034 859 1141 893 Nono
1179 868 1344 905 praeeunt
1380 858 1582 894 OE'tavum.
1620 859 1673 895 lta
1711 865 1795 896 verb

1032 921 1110 943 cum
1155 909 1310 956 vulgatis
1346 908 1468 944 Libris
1510 912 1633 945 MStus
1670 912 1795 947 Codex

1034 959 1245 1001 concordat,
1283 969 1323 994 ut
1349 960 1406 994 vel
1441 959 1503 1005 ipsi
1540 974 1669 997 errores
1697 973 1797 998 utro-

1035 1009 1139 1055 bique
1165 1019 1371 1045 occurrant.
1399 1011 1606 1056 Cujusmodi
1630 1012 1719 1047 mihi
1741 1013 1796 1048 vi-

1034 1060 1135 1094 detur
1162 1060 1249 1102 effe,
1276 1061 1370 1107 quod
1398 1062 1480 1097 Lib.
1510 1064 1609 1096 VIII.
1639 1064 1724 1109 Cap⁴
1751 1066 1796 1100 V.

1038 1109 1178 1153 visitur,
1207 1111 1267 1146 ubi
1295 1111 1414 1145 Dionis
1450 1111 1621 1147 Historici
1658 1114 1795 1149 mentio

1034 1168 1102 1204 est.
1147 1171 1178 1203 Is
1214 1169 1252 1204 in
1289 1169 1432 1205 Graecis
1467 1170 1664 1207 Codicibus
1703 1165 1797 1209 Διός

1035 1219 1256 1265 appellatur,
1292 1234 1332 1256 ac
1370 1220 1514 1268 proinde
1543 1223 1624 1255 Dius
1652 1223 1797 1257 redden-

1036 1270 1098 1303 dus
1126 1268 1221 1312 fuit,
1259 1283 1329 1305 non
1367 1274 1478 1308 Dion.
1516 1273 1666 1307 fortasse
1703 1273 1798 1315 Jose-

1038 1319 1097 1365 phi
1137 1321 1309 1366 Inter-pres
1348 1334 1455 1356 unum
1497 1332 1598 1357 norat
1641 1323 1796 1359 Dionem

1037 1368 1192 1404 Caffium
1223 1372 1664 1417 celebrem—Historicum,
1700 1386 1799 1408 eum-

1037 1433 1104 1466 que
1142 1421 1219 1455 illic
1258 1422 1445 1457 memorari
1487 1422 1645 1466 censuit,
1689 1436 1800 1470 quum

1039 1481 1155 1505 tamen
1178 1471 1312 1507 Caffius
1332 1473 1436 1520 longe
1457 1473 1527 1520 post
1546 1473 1684 1521 Josephi
1708 1484 1800 1509 tem-

1040 1533 1120 1567 pora
1141 1521 1178 1554 in
1201 1521 1294 1555 vivis
1315 1524 1444 1568 egerit.
1477 1524 1614 1557 Praeter
1641 1523 1798 1569 aliquam

1038 1572 1074 1605 in
1102 1569 1271 1617 Capiturn
1293 1570 1516 1606 distinRione
1538 1572 1770 1608 differentiam
1785 1600 1797 1618 ,

1039 1621 1142 1654 habet
1193 1619 1440 1655 Ambrosianus
1486 1622 1607 1657 Codex
1655 1622 1800 1671 fingulie

1040 1668 1227 1716 praefixam
1265 1670 1481 1715 Epitomen:
1521 1684 1606 1717 quae
1644 1672 1721 1707 sane
1758 1673 1797 1709 in

1038 1719 1180 1753 Graecis
1208 1721 1464 1766 exemplaribus
1491 1720 1649 1768 legitur,
1676 1721 1731 1758 sed
1759 1721 1798 1759 in

1038 1769 1144 1804 editis
1173 1769 1403 1803 desideratur.

1091 1816 1220 1851 Rufino
1241 1818 1410 1853 tributam
1433 1818 1510 1855 dixi
1531 1820 1700 1868 ejusmodi
1722 1836 1800 1859 ver-

1039 1867 1196 1914 fionem3
1226 1877 1330 1914 atque
1367 1867 1404 1904 in
1432 1883 1470 1905 ea
1498 1872 1667 1916 opinione
1704 1873 1799 1911 fuere

1039 1916 1211 1953 Gerardus
1238 1918 1411 1961 Johannes
1437 1921 1596 1962 Voffius,
1625 1924 1799 1960 Mabillo-

1041 1968 1145 2009 nius,
1187 1969 1346 2014 Caveus,
1385 1973 1630 2013 Du-Pinius‚
1667 1975 1801 2022 aliique

1041 2017 1235 2054 Clariffimi
1263 2020 1352 2055 viri.
1382 2021 1567 2069 Philippus
1595 2027 1678 2060 vero
1707 2026 1803 2061 Lab-

1043 2070 1125 2104 beus
1158 2069 1199 2105 de
1237 2071 1442 2118 Scriptorib.
1480 2074 1610 2111 Eccles.
1648 2076 1684 2111 in
1722 2075 1803 2125 opi-

1044 2119 1161 2156 nionis
1203 2122 1366 2168 vulgatae
1407 2122 1590 2160 subsidium
1639 2126 1714 2162 usus
1756 2127 1802 2162 est

1044 2171 1212 2207 vetustate
1261 2173 1407 2208 Codicis
1448 2176 1671 2212 Ambrosiani
1692 2201 1702 2217 ‚
1749 2178 1801 2213 ita

1044 2221 1216 2257 scribens:
1254 2224 1396 2268 Rufinus
1422 2227 1558 2270 josephi
1589 2228 1803 2271 Iudaicarum

1043 2273 1291 2320 Antiquitatum
1341 2276 1451 2310 Libras
1490 2277 1614 2323 viginti
1663 2279 1804 2312 reddidit

1044 2323 1183 2367 Latine,
1219 2338 1299 2371 quae
1324 2327 1432 2371 excusa
1467 2327 1619 2362 habemur
1647 2329 1800 2375 saepius:

1043 2386 1203 2422 eorumque
1229 2378 1385 2423 exemplar
1411 2378 1528 2412 dieitur
1553 2377 1704 2424 effervari
1729 2381 1800 2412 Me-

1043 2425 1168 2459 diolani
1206 2427 1240 2460 in
1266 2430 1359 2462 Aede
1394 2428 1508 2462 Sanc‘li
1534 2429 1696 2468 Ambrosii
1721 2427 1800 2472 (ita

1045 2474 1108 2510 ille
1160 2489 1222 2524 pro
1269 2478 1496 2514 Ambrofiana
1550 2477 1797 2524 Bibliotheca)

1018 2527 1288 2571 ‘Langobardicis
1319 2530 1470 2576 scriptum
1503 2530 1627 2563 literis.
1664 2528 1800 2562 Conra-

1123 2578 1149 2610 F
1681 2577 1745 2611 due
