2237 3084
315 264 396 306 ¹73
489 241 856 290 DISSERTATIO
903 236 1221 298 ,QUADRAGE
1230 237 1469 295 SIMAQU
1486 243 1627 286 {RTA
1637 256 1649 286 .’
1744 260 1827 302 ¹74

252 320 277 356 ἠ
303 310 415 344 Ocius
442 304 510 342 huc
540 314 662 352 potum
689 302 780 339 ferto
798 329 809 347 ,
836 299 920 350 quia
947 292 1011 335 fes-
1052 298 1087 333 A
1120 321 1146 342 ,‚
1174 298 1216 332 In
1244 296 1366 346 primis
1395 299 1529 345 galeam
1555 302 1682 348 Regis,
1708 306 1884 340 tunicam-

355 386 379 403 „
409 357 461 393 sus
489 357 636 393 anhelo.
790 400 798 410 ·

256 435 282 457 „
309 411 374 446 Iun
400 422 481 444 mero
507 409 621 444 tullum
646 403 812 449 comple-ott
838 412 908 435 mox
938 408 1011 447 pre-

355 487 381 507 „
408 460 519 506 tiosum
536 486 548 504 ,

255 573 349 610 atque
386 556 562 595 Waltban'o
588 554 633 589 ad
666 551 838 587 bibendum
873 550 988 586 obtulit
997 562 1014 585 .-

256 626 343 659 quem
364 611 492 655 signans
521 605 653 650 recepit,
680 604 919 650 virgineamque
946 615 1013 636 ma-

257 673 329 696 num
352 657 479 705 propria
506 655 706 698 constrinxit.
734 657 788 690 At
808 654 867 688 alta
888 652 1014 688 reticens

251 712 378 744 vultum
402 707 540 741 intendit
566 706 600 740 in
619 719 705 740 eum.
734 708 900 752 ¹Quumque
921 704 1014 738 Wal-

252 759 375 794 tharim
415 756 557 803 bibiffet,
598 769 733 791 vacuum
772 752 845 789 iia?
874 755 1015 789 reddidit

252 810 325 844 illi.
351 808 461 844 Ambo
486 807 569 843 enim
604 817 759 842 noverant
783 807 823 841 de
852 805 888 851 se
917 805 1013 850 spon-

247 859 332 905 salia
352 858 443 904 suffla
454 884 463 894 .

255 986 279 1006 ‚,
307 963 461 996 Provocat
486 958 534 998 (φ’
561 958 624 994 tali
649 971 752 994 caram
773 957 912 1003 sermone
925 982 1015 993 .....

354 1037 378 1054 ‚‚
405 1010 505 1046 velli.

253 1087 279 1107 „
305 1061 468 1097 Exilium
497 1060 626 1109 pariter
651 1060 805 1109 patimur
831 1059 902 1110 jzm
926 1067 1014 1095 tem-

359 1137 384 1156 „
413 1125 495 1158 pore
522 1121 644 1147 tanto.

254 1212 339 1249 Non
381 1211 584 1259 ignoramus
626 1210 723 1247 enim
775 1209 870 1258 quod
910 1207 1018 1245 nostri
1055 1210 1090 1247 C

250 1262 427 1309 quondam
458 1271 616 1309 parentes

253 1387 279 1407 „
307 1362 402 1397 Inter
428 1359 460 1396 se
487 1359 596 1396 nostrii
615 1359 658 1396 de
681 1373 719 1397 re
742 1359 853 1397 fecere
879 1359 1015 1396 futuri.

253 1466 348 1508 ,Quae
373 1478 467 1511 quum
493 1463 551 1498 diu
580 1463 662 1498 talia
688 1462 736 1502 &0
762 1463 831 1498 alia
857 1462 1011 1507 huiusmo-

255 1518 289 1547 ds
317 1513 450 1559 audaeffet
476 1517 570 1560 virgo
595 1514 695 1548 verba
713 1542 723 1557 ,
758 1516 936 1560 cogitabat,
964 1515 1016 1547 hoc

256 1563 310 1598 itti
342 1575 397 1610 per
434 1565 567 1598 ironiam
602 1564 718 1599 dicere.
754 1566 817 1598 scd
852 1565 1017 1611 paululum

256 1627 350 1660 quum
377 1613 584 1661 conticuiffet‚
612 1616 694 1649 talia
721 1616 775 1649 illi
795 1615 916 1659 fatur:

253 1740 280 1760 „
306 1714 405 1762 Quid
434 1715 554 1764 linguai
583 1715 742 1751 fimulas?
771 1716 856 1764 quid
877 1716 919 1752 ab
939 1716 1016 1753 imo

356 1789 380 1806 ,,
409 1766 548 1812 ptfi’core
576 1766 746 1801 damnas?

257 1839 283 1858 „
310 1816 380 1849 Ore
408 1815 498 1848 mihi
527 1813 630 1862 fingis
659 1824 764 1859 toto,
791 1814 885 1862 quod
912 1815 1015 1852 corde

357 1890 382 1908 ,‚
410 1863 564 1914 refutas;

253 1970 434 2009 tamquam
471 1963 493 1998 fi
531 1962 571 1998 fit
607 1962 677 1999 tibi
718 1975 864 2011 magnus
904 1967 1016 2012 pudor

251 2013 377 2049 ducere
408 2024 554 2062 nuptam

251 2139 277 2160 ‚,
305 2114 362 2149 Vir
381 2114 510 2160 sapiens
536 2124 643 2150 contra
667 2114 852 2163 respondit,
889 2116 936 2157 &⁴
963 2117 1015 2153 in-

353 2192 378 2209 „
406 2166 484 2200 tulit
513 2166 597 2208 ista.-

249 2222 278 2262 J„
306 2215 428 2261 Absit,
452 2218 547 2264 quod
570 2229 762 2254 memoras.
782 2219 1012 2256 Dextrorsum

355 2291 380 2312 ,‚
407 2269 547 2317 porrige
574 2267 707 2305 sensum
724 2295 734 2307 .

253 2368 326 2404 scis
367 2369 462 2406 enim
507 2384 722 2419 numquam,
757 2385 814 2409 me
854 2373 1013 2410 fimulata

252 2429 369 2456 mente
407 2421 587 2458 locutum.
614 2423 721 2459 Adest
757 2423 836 2461 heic
873 2427 1012 2470 nullm,

256 2472 410 2519 exceptis
440 2473 540 2510 nobis
567 2474 721 2512 duobus.
748 2477 893 2512 Amodo
914 2490 1009 2512 narn-

251 2529 319 2564 que
345 2522 411 2558 esto
433 2534 548 2561 mente
577 2525 739 2571 solicita,
767 2540 854 2575 quae
875 2527 1010 2564 extrin-

250 2567 405 2656 ξευείῗςάες
439 2574 543 2622 Regis
580 2576 804 2627 Reginaeque
841 2577 1010 2616 thesauris

325 2633 346 2656 ο
372 2634 411 2657 a.

1224 374 1249 388 „
1276 360 1344 395 que
1372 347 1527 383 trilicem

1122 424 1148 443 „
1175 398 1303 439 Affer,
1346 398 1492 434 loricam
1535 398 1712 437 fabrorum
1753 403 1887 452 insigne

1225 473 1249 489 ‚‚
1277 448 1468 487 ferentem.

1123 526 1148 545 ‚,
1175 500 1302 548 Diripe
1356 501 1460 542 bina,

1225 575 1248 591 ,‚
1276 551 1400 587 scrinia
1430 552 1542 587 tolle.

1125 628 1148 646 „
1176 602 1246 638 His
1281 602 1500 638 armillarum
1536 604 1676 640 tantum
1712 605 1756 642 da
1793 608 1886 649 Pans

1227 679 1251 698 ,‚
1278 653 1509 694 nonicarum,

1512 500 1640 538 dehinc
1693 503 1889 546 mediocris

1124 752 1234 790 donee
1262 754 1325 792 vix
1351 756 1484 793 releves
1513 769 1622 795 unum
1650 757 1694 795 ad
1732 757 1887 808 peaorid

1123 818 1233 842 onus.

1125 933 1149 951 ‚,
1177 906 1261 945 Inde
1297 913 1421 958 qua'ter
1456 910 1578 946 binum
1620 909 1712 948 mihi
1753 910 1808 948 fac
1844 910 1887 948 de

1225 983 1250 1002 „
1278 973 1374 996 more
1399 960 1630 996 cothurnum.

1124 1031 1148 1048 ‚,
1175 1009 1317 1058 Insuper
1344 1024 1363 1045 a
1383 1009 1489 1046 fabris
1516 1010 1638 1047 hamos
1664 1013 1755 1048 clam
1786 1011 1885 1061 posce

1227 1086 1252 1103 ,,
1279 1070 1450 1097 retortos.

1125 1134 1150 1152 ,‚
1179 1109 1301 1146 Nostra
1340 1111 1471 1148 viatica
1507 1111 1572 1148 fint
1608 1111 1744 1161 pisces,
1785 1111 1889 1150 fimui

1226 1185 1250 1203 ,‚
1279 1171 1383 1208 atque
1411 1163 1594 1200 volucres.

1125 1236 1149 1254 ,‚
1177 1209 1252 1259 Ipse
1280 1225 1343 1260 ego
1373 1211 1543 1259 piscator,
1577 1212 1632 1249 sed
1669 1226 1792 1263 auceps
1819 1213 1886 1250 eff·

1226 1287 1251 1303 „
1279 1263 1467 1298 cohortor.

1125 1335 1150 1354 ,‚
1178 1311 1277 1345 Haec
1304 1311 1396 1346 intra
1422 1312 1675 1350 hebdomadem
1699 1323 1799 1352 caute
1826 1327 1888 1364 per

1229 1387 1254 1405 ‚,
1281 1359 1413 1409 fingula
1439 1365 1598 1410 comple.

1127 1461 1294 1549 ῗὶυάίίὶῆἰ,
1330 1461 1424 1512 quod
1459 1461 1585 1501 habere
1620 1461 1737 1501 vianti
1772 1463 1889 1502 neces-

1141 1526 1159 1549 e
1187 1527 1204 1549 e
1242 1540 1252 1550 .

1126 1637 1149 1659 ‚,
1177 1612 1359 1661 Postquam
1389 1612 1548 1656 septenos
1574 1612 1735 1651 Phoebus
1753 1627 1888 1653 remea·

1228 1691 1253 1709 ‚,
1280 1664 1374 1700 verit
1399 1664 1499 1700 orbes
1516 1691 1527 1709 ,

1125 1764 1292 1800 convivia
1319 1765 1411 1801 laeta
1438 1764 1566 1813 parabo
1594 1765 1682 1812 Regi
1710 1777 1750 1800 ac
1778 1767 1887 1814 Regi-

1124 1829 1210 1859 nae,
1237 1815 1413 1861 Satrapis‚
1444 1815 1622 1858 Ducibus,
1649 1814 1884 1865 famulisque3

1123 1877 1228 1911 atque
1247 1863 1347 1898 omni
1375 1864 1520 1910 ingenio
1549 1873 1651 1911 potus
1679 1864 1811 1912 saepius
1839 1867 1886 1902 il-

1121 1914 1226 1948 linire
1253 1912 1416 1957 studebo,
1443 1913 1494 1949 ita
1522 1922 1561 1949 ut
1585 1915 1701 1951 nullus
1729 1915 1885 1965 superius

1122 1963 1183 2002 fit,
1211 1962 1272 2011 qui
1301 1962 1408 2007 sciat,
1446 1964 1503 1999 vel
1539 1965 1785 2012 recognoscat,
1822 1980 1884 2004 cur

1122 2015 1178 2050 vel
1207 2017 1252 2050 ob
1279 2027 1384 2061 quam
1412 2014 1548 2051 causam
1576 2015 1706 2053 fabium
1743 2016 1784 2053 fit
1811 2019 1882 2055 tale

1122 2065 1356 2101 convivium.
1393 2067 1448 2101 Te
1484 2075 1603 2102 tamen
1645 2081 1883 2116 praemoneo,

1122 2116 1347 2152 mediocriter
1374 2115 1460 2152 vino
1487 2127 1606 2157 utere,
1634 2128 1673 2154 ut
1699 2118 1761 2155 vix
1785 2117 1880 2155 fitim

1121 2168 1306 2218 extinguas
1334 2167 1375 2203 ad
1415 2166 1589 2205 mensam.
1626 2168 1770 2219 Reliqui
1799 2173 1882 2206 vero

1120 2232 1229 2268 quum
1257 2218 1493 2259 surrexerint,
1532 2228 1571 2256 tu
1600 2220 1700 2259 illico
1727 2221 1768 2257 ad
1797 2230 1883 2257 nota

1121 2284 1256 2306 recurre
1282 2270 1468 2319 opuscula.
1495 2273 1548 2307 At
1576 2272 1635 2308 ubi
1673 2283 1776 2322 potus
1803 2271 1883 2308 vic-

1121 2321 1234 2359 lentia
1260 2320 1474 2371 superaverit
1500 2322 1667 2365 cunstos,

1121 2449 1145 2467 ‚,
1172 2426 1277 2463 Tunc
1315 2424 1415 2463 fimul
1450 2425 1626 2465 Occiduas
1660 2435 1882 2480 properemus

1225 2503 1250 2524 ‚‚
1277 2491 1440 2528 quaerere
1465 2488 1604 2530 partes.

1735 2627 1830 2678 Virgo
