2237 3084
269 227 351 278 847

460 224 849 264 o-JSSERTATJO
886 219 1581 278 „QUADRAGAESJMASEXTAE

1694 224 1776 277 848

211 282 246 316 8<
288 295 306 316 a
347 294 568 329 quocumque
612 281 673 316 fiat
710 279 893 316 concursus
930 279 972 314 ad
1011 282 1046 315 A
1079 274 1230 321 accipite
1258 288 1320 322 pro
1350 278 1446 323 galea
1482 278 1651 326 judicium
1680 291 1836 322 certum,

213 332 383 371 alteram.
420 341 529 366 terrea
567 330 699 379 semper
735 331 901 368 eliditur,
938 330 973 364 &

213 381 409 416 succumbit
436 381 645 416 fortitudine
666 380 835 416 durioris.
864 379 972 415 Intel-

216 431 346 466 lexistis
375 431 433 466 sub
461 432 670 478 compendio
703 430 973 477 praelibationes

216 482 423 517 meritorum
464 482 553 527 pacis
582 482 614 515 &
652 493 814 527 guerrae,
849 481 882 514 8<
912 479 974 526 qui

216 531 346 569 sruE’tus
374 532 470 576 saepe
502 530 730 577 proveniant,
759 539 973 575 exeantque.

217 582 360 618 Altiora
389 579 458 613 istis
488 578 745 626 propinabunt,
786 592 891 627 quum
923 593 970 614 re—

216 629 335 680 quisiti
363 628 492 664 fuerint
520 628 719 677 Sapientes,
747 642 895 676 quorum
925 628 973 664 sa-

215 679 349 730 pientia
377 679 421 714 est
448 678 620 726 speciosa,
647 678 683 715 &
721 679 891 728 gloriosus
920 679 973 715 in·

218 729 377 767 telleffius
406 742 522 765 eorum
541 756 549 764 .
579 729 642 777 Ipfi
681 731 803 777 utique
830 729 976 779 provide

217 780 424 829 cogitabunt
459 780 500 815 de
529 780 690 828 prospero
730 780 816 816 statu
845 780 974 828 Reipu-

217 833 331 868 blicae
367 829 518 870 nostrae,
554 831 587 865 &
625 830 802 866 habebunt
842 843 972 866 memo-

218 882 304 918 riam
345 881 634 927 praeteritorum,
671 880 852 916 scientiam
881 894 973 928 prae-

217 932 368 968 sentium
397 930 433 966 ἃ
463 931 722 978 providentiam
759 930 975 967 futurorum.

219 982 301 1017 Viri
331 993 478 1028 namque
505 981 542 1017 in
571 982 692 1017 multis
717 982 852 1030 experti
881 983 977 1030 cogi-

219 1033 346 1068 tabunt
374 1032 483 1066 multa
500 1058 510 1075 ‚
539 1032 777 1079 ponderabunt
805 1032 977 1068 sermones

219 1082 320 1127 suos,
357 1079 395 1116 &
432 1082 526 1128 prius
562 1082 599 1117 in
637 1093 754 1118 mente
789 1082 979 1131 depingent

217 1133 323 1176 illos,
361 1130 398 1166 &
427 1140 480 1166 ter
506 1132 629 1168 limam
669 1133 845 1176 sentient,
882 1141 976 1168 ante-

220 1195 325 1229 quam
368 1180 409 1215 ad
451 1182 606 1230 linguam
649 1182 857 1218 deveniant.
899 1182 978 1217 Viri

218 1232 386 1279 siquidem
408 1230 577 1279 sapientes
597 1232 748 1267 liberant
768 1245 788 1267 a
814 1232 979 1266 molestiis

219 1283 350 1317 Urbem
369 1307 379 1324 ‚
423 1281 616 1329 prosapiam
667 1281 759 1316 suam
777 1307 786 1316 .
836 1281 978 1317 Etenim

222 1332 351 1367 melior
377 1331 421 1366 est
449 1330 617 1377 sapientia
653 1332 757 1378 quam
786 1330 978 1371 fortitudo,

220 1381 258 1417 &
300 1394 393 1416 arma
436 1381 583 1416 bellica.
624 1383 792 1424 juvenes,
833 1382 895 1429 qui
938 1383 978 1417 ad

221 1431 305 1466 haec
342 1431 477 1478 experti
515 1430 593 1466 sunt
633 1444 763 1479 pauca,
804 1444 873 1467 non
902 1432 980 1467 sunt

220 1481 430 1517 sufficientes
467 1480 507 1515 ad
535 1481 620 1528 ista;
660 1482 741 1528 quia
777 1481 977 1530 inexpertus

220 1544 327 1580 pauca
356 1531 556 1578 cognoscit:
586 1532 620 1565 8(
647 1531 727 1566 ideo
751 1532 898 1568 traEiare
918 1546 978 1567 vos

220 1583 277 1616 vel
319 1581 500 1629 disponere
541 1581 583 1617 de
634 1582 844 1628 praedicitis,
885 1583 976 1630 quasi

221 1631 350 1667 inutile
387 1639 585 1678 putaretur.
613 1632 689 1667 Illis
727 1643 863 1672 autem,
900 1633 976 1681 qui-

222 1681 284 1716 bus
328 1682 500 1716 Dominus
545 1681 770 1717 altitudinem
813 1683 977 1719 scientiae

220 1730 454 1775 ministravit,
482 1730 637 1766 ostendat
672 1732 855 1776 ordinare,
892 1746 977 1779 quae

220 1781 322 1816 nobis
348 1781 491 1817 utiliora
517 1781 688 1822 persistant
713 1795 790 1818 cum
812 1796 974 1832 augmen-

223 1841 261 1867 to
287 1831 420 1879 gloriae
446 1831 583 1868 sanEiae
610 1831 711 1868 suae.

416 1930 450 1968 C
503 1933 539 1967 A
595 1934 632 1968 P.
736 1935 781 1969 V.

247 2035 296 2068 Dc
322 2032 468 2075 modestia
496 2038 542 2071 (θ’
568 2033 738 2079 disciplina
764 2034 951 2071 Reflorum.

324 2132 495 2169 Ttendite
524 2135 687 2170 ReE’tores
712 2135 913 2171 Civitarum
944 2138 974 2171 8<

350 2182 496 2218 aliorum
525 2186 706 2229 locorum,
733 2186 826 2233 quod
856 2199 915 2221 vos
943 2200 976 2222 ει-

226 2231 354 2267 xistitis
381 2231 511 2280 signum
541 2234 686 2280 pofitum
724 2236 765 2271 ad
794 2236 978 2284 sagittam,

224 2281 281 2317 cui
317 2281 506 2329 aliquando
541 2283 656 2321 invidi
694 2283 732 2321 ἃ
775 2286 979 2322 incessanter

222 2331 369 2380 oppreffi
407 2332 539 2380 jaciunt
569 2335 603 2368 ἃ
639 2334 829 2372 fulminant
866 2337 977 2384 jacula

224 2381 480 2429 blasphemiae.
518 2383 619 2419 Unde
656 2397 716 2420 vos
751 2396 890 2435 oportet
927 2401 977 2423 ar-

223 2433 312 2468 mari
349 2433 520 2469 armatur&
558 2434 731 2482 justitiae,
769 2446 807 2472 ut
845 2437 977 2485 possitis

225 2482 307 2518 stare
344 2482 504 2525 adversus
545 2484 682 2519 infidias
723 2485 976 2525 detrafflorum.

224 2532 363 2569 Induite
399 2546 481 2580 ergo
517 2547 578 2584 pro
615 2535 755 2571 thorace
788 2537 976 2584 justitiam,

319 2586 405 2618 Tem.
435 2587 492 2619 IX.

1080 324 1206 361 sumite
1244 323 1381 362 scutum
1419 326 1689 375 inexpugnabile
1717 332 1838 378 aequi-

1080 384 1213 420 tatem,
1239 376 1273 410 &
1302 384 1438 424 portate
1471 377 1629 413 baculum
1666 381 1703 415 in
1732 393 1837 419 manu

1081 427 1222 462 dextera
1243 439 1312 461 non
1333 424 1559 461 arundineum
1574 455 1584 471 ‚
1606 428 1658 463 sed
1680 430 1837 477 ligneum

1081 476 1119 512 ἅ
1157 475 1306 515 fortem,
1334 476 1481 511 ssmilern
1519 477 1642 512 baculo
1680 480 1836 526 pastorali

1080 539 1184 574 quem
1220 535 1317 562 tenet
1343 526 1494 562 Ecclefia
1529 527 1570 562 ab
1582 553 1736 564 ........
1763 531 1838 576 Qui

1083 578 1222 612 baculus
1250 577 1293 612 est
1321 575 1392 626 ipsa
1421 587 1516 625 parte
1543 576 1669 612 fertilis
1697 581 1727 613 ὅ(
1758 593 1838 615 acu-

1082 636 1159 670 tus,
1188 636 1227 663 ut
1254 627 1434 670 stimulus,
1460 628 1499 663 in
1527 628 1643 663 medio
1670 631 1837 665 rotundus

1081 678 1113 712 8<
1142 677 1278 720 resins,
1305 678 1342 714 in
1373 676 1575 714 summitate
1611 691 1774 718 recurvus
1801 682 1835 718 δε

1083 741 1205 773 purus.
1235 730 1299 764 Per
1330 729 1518 764 acuitatem
1555 728 1671 777 rigor,
1701 743 1759 777 per
1785 745 1839 768 re-

1082 777 1292 814 &itudinem
1331 778 1454 825 vigor,
1491 792 1550 827 per
1589 781 1839 817 recurvitatem

1083 827 1308 865 mansuetudo
1344 828 1531 876 figuratur.
1560 830 1670 878 Rigor
1704 830 1750 865 est
1775 832 1840 867 do-

1083 878 1196 922 mini,
1223 879 1326 928 vigor
1353 879 1397 914 est
1435 879 1583 928 Populi,
1611 880 1838 918 mansuetudo

1084 928 1238 964 consilii.
1286 928 1450 965 Instantia
1496 930 1594 966 fimul
1640 943 1838 980 congruunt

1084 983 1230 1026 cuique,
1258 980 1290 1014 &
1319 979 1368 1015 eis
1405 981 1621 1028 conjun&im
1650 981 1779 1020 habitis
1808 985 1840 1022 i-

1085 1030 1171 1064 bunt
1192 1029 1321 1065 direffle
1342 1029 1486 1066 fmstores
1512 1030 1693 1079 regiminis
1713 1032 1837 1080 ipsius.

1087 1079 1214 1127 Rigore
1241 1079 1403 1116 dominus
1440 1080 1543 1118 feriat
1575 1081 1840 1130 delinquentes,

1086 1129 1206 1176 vigore
1244 1130 1370 1178 Populi
1408 1131 1617 1180 constringat
1652 1133 1683 1167 8<
1714 1142 1841 1170 terreat

1086 1179 1291 1224 refistentes,
1313 1181 1575 1218 mansuetudine
1602 1182 1737 1219 consilii
1759 1198 1842 1220 exa·-

1087 1230 1198 1265 minet
1238 1230 1502 1279 diligentissime
1545 1232 1672 1268 deliGra
1714 1246 1843 1269 nocem·

1087 1289 1194 1323 tum,
1233 1291 1418 1328 antequam
1456 1283 1627 1329 dijudicet
1663 1285 1719 1320 vel
1759 1299 1843 1320 con-

1087 1330 1247 1373 demnet,
1283 1332 1317 1365 8<
1354 1340 1438 1367 tunc
1475 1333 1578 1380 gestet
1615 1332 1767 1370 staret-am
1803 1336 1841 1371 in

1087 1392 1212 1419 manu,
1232 1381 1265 1415 ὅ(
1290 1380 1328 1416 in
1348 1390 1496 1428 utroque
1524 1382 1625 1430 penso
1651 1384 1841 1431 justitiam,

1086 1429 1168 1464 idest
1195 1429 1368 1477 rigorem,
1396 1433 1429 1466 8<
1458 1432 1755 1483 misericordiam
1786 1437 1842 1472 in-

1086 1480 1126 1514 de
1155 1480 1452 1517 mansuetudinem
1491 1493 1625 1532 portet.
1654 1486 1699 1520 Et
1732 1487 1752 1519 fi
1784 1499 1843 1533 per

1086 1529 1252 1577 justitiam
1295 1532 1485 1569 reddiderit
1525 1534 1658 1580 peccati
1707 1535 1840 1572 senten-

1087 1580 1196 1620 tiam,
1217 1594 1275 1628 per
1299 1583 1571 1626 misericordiam
1595 1586 1727 1633 peccati
1753 1595 1844 1622 tem-

1089 1639 1181 1676 peret
1209 1645 1376 1680 poenam,
1401 1633 1422 1667 si
1453 1648 1614 1682 umquam
1647 1635 1729 1671 fabii
1758 1650 1844 1684 qua-

1087 1680 1167 1716 litas
1206 1683 1337 1730 poterit
1373 1685 1565 1725 moderari,
1601 1696 1640 1722 ut
1676 1686 1759 1733 justo
1796 1688 1842 1723 li-

1086 1781 1199 1828 rigat,
1227 1785 1394 1829 quaedam
1433 1789 1514 1821 vero
1552 1800 1611 1835 per
1647 1787 1844 1824 miseratio-

1087 1844 1165 1867 nem
1193 1832 1394 1882 indulgeat.
1419 1836 1524 1871 Circa
1552 1850 1700 1885 namque
1728 1837 1843 1874 subdi-

1087 1890 1141 1917 tos
1178 1882 1253 1919 suos
1281 1883 1385 1919 ineffe
1422 1886 1524 1921 debet
1553 1887 1779 1926 maioribus,
1807 1891 1842 1924 &

1087 1931 1179 1968 inter
1215 1931 1387 1969 Consules
1424 1936 1682 1977 misericordia,
1711 1938 1745 1974 ἅ
1788 1940 1843 1987 pie

1088 1982 1240 2019 saeviens
1266 1983 1475 2031 disciplina,
1505 1995 1542 2022 ut
1570 2001 1632 2022 nec
1670 1989 1780 2023 multzi
1807 2004 1843 2025 a-

1087 2032 1248 2080 speritate
1290 2035 1533 2071 exulcerentur
1583 2037 1737 2082 subditi,
1780 2053 1842 2077 nec

1086 2083 1197 2118 nimii
1225 2084 1441 2131 benignitate
1469 2086 1667 2123 solvantur.
1697 2088 1750 2124 Sit
1784 2103 1842 2137 pa-

1020 1637 1050 1670 D

1058 1746 1064 1943 ι
1088 1730 1243 1767 bramine
1270 1733 1437 1779 quaedam
1474 1748 1536 1782 pro
1564 1736 1739 1785 aequitate
1767 1751 1843 1774 cor-

1003 2096 1005 2137 }
1022 1944 1063 2142 iii

1087 2197 1173 2231 quae
1209 2183 1331 2221 feriat.
1359 2186 1413 2222 Sit
1449 2186 1487 2222 &
1519 2187 1711 2224 consolatio
1748 2189 1839 2225 surn-

1087 2234 1222 2270 mitatis
1259 2235 1396 2277 baculi,
1424 2250 1511 2284 quae
1549 2237 1748 2276 substentet.
1786 2241 1866 2277 Sit*

1088 2297 1205 2328 amor,
1233 2284 1288 2322 sed
1316 2299 1385 2322 non
1413 2287 1615 2324 emolliens.
1644 2289 1697 2324 sit
1723 2290 1841 2339 rigor,

1003 2143 1005 2159 ¹
1058 2134 1170 2352 lriter
1206 2133 1242 2168 in
1282 2135 1429 2171 RcSiore
1469 2137 1631 2173 discretio
1669 2138 1841 2186 justitiae,

1058 2353 1062 2371 Ι

1089 2335 1250 2381 sednon
1288 2337 1508 2385 exasperans.
1545 2339 1597 2374 Sit
1632 2341 1749 2383 zelus,
1787 2340 1841 2377 sed

1058 2374 1063 2427 l
1088 2399 1157 2421 non
1184 2386 1413 2423 immoderate
1444 2388 1616 2424 saeviens.
1653 2390 1706 2425 Sit
1733 2390 1843 2438 pietas

1088 2435 1141 2472 sed
1164 2449 1255 2476 non,
1278 2437 1455 2485 plusquam
1478 2439 1661 2485 expediat,
1683 2453 1843 2487 parcens.

1058 2503 1062 2552 Ι
1088 2489 1134 2521 Et
1158 2486 1182 2521 fi
1207 2486 1250 2523 fic
1274 2487 1445 2524 exstiterit
1468 2489 1569 2537 justus
1598 2489 1746 2534 Reaor,
1771 2505 1840 2528 non

1057 2555 1062 2581 l
1088 2536 1325 2574 adversabitur
1351 2537 1384 2574 ei
1419 2539 1610 2587 quidquam
1647 2541 1757 2585 mali,
1786 2543 1840 2579 sed

1153 2588 1189 2622 H
1217 2586 1239 2620 h
1267 2587 1289 2622 h
1732 2591 1791 2627 da-
