2237 3084
286 250 366 293 335

603 234 818 278 BELm
860 227 1464 288 FOROJUMENSJS.

1702 238 1787 288 556

222 293 274 329 le.
311 294 408 340 ,Quod
445 292 473 334 [ι’
505 307 527 328 a
552 294 698 329 manibus
732 293 844 336 nostris
879 293 978 338 ipsum
1013 297 1046 331 A
1083 286 1301 331 Iohannem,
1330 293 1369 319 ut
1397 298 1459 330 pro
1487 287 1598 324 nostra
1620 290 1653 324 δε
1680 290 1751 326 loci
1779 297 1847 326 rio-b

217 344 370 390 surripere
396 344 558 379 volucriu’s
571 371 582 388 ,
610 358 670 378 non
695 344 820 386 verbis,
843 342 901 387 [ed
921 342 971 384 fa·

222 393 281 428 elis
323 395 423 439 ipsum
463 408 520 429 vos
555 396 589 429 in
624 407 693 428 caro
728 392 829 437 pretio
867 391 978 425 babere

219 446 369 489 expedit.
408 448 454 480 Et
488 458 543 480 vos
583 445 659 487 [cire
693 444 858 484 volumus,
897 442 976 487 quod

219 506 322 529 omnes
349 496 383 529 in
410 496 507 536 nostro
534 494 642 534 Castro
667 490 777 532 indust
802 491 913 535 sumus
938 503 967 523 u-

218 546 379 588 unanimes,
407 558 468 578 non
493 544 725 583 claudicantes,
753 541 797 575 Θ·
833 540 977 586 dispositi

215 603 355 640 potenter
381 593 482 636 ipsum
507 592 650 633 Castrum
675 591 811 626 obtinere
829 593 914 625 vtile
934 592 977 626 ad

216 644 354 677 bonorem
384 643 425 676 Θ
450 642 566 683 [latum
592 641 730 676 saofi-e
755 641 977 689 Aquileiensis

215 693 394 735 Ecclefiue,
423 694 462 727 Θ
490 692 592 739 partis
621 693 740 734 nostrae
764 691 974 737 praediaque,

1000 640 1006 731 1

214 744 257 781 Θ
289 743 478 785 nostrorum.
508 744 552 778 Et
583 743 636 778 his
667 742 780 777 verbis
812 739 973 789 quamvis
1012 748 1041 783 Β

214 792 316 829 affida
344 793 423 828 data
451 793 532 829 esset
560 793 653 829 inter
682 801 820 840 partes,
858 799 974 826 tamen

213 842 276 891 ipfi
304 844 345 879 de
373 844 529 880 exercitu
550 873 559 887 ‚
597 854 775 890 tamquam
815 841 975 877 homines

211 892 316 930 infidi
338 908 406 931 non
428 895 599 930 cassabant
628 893 745 929 foveas
774 892 884 928 facere
913 905 975 939 pro

213 957 333 981 eorum
364 945 562 982 bombardis
587 944 748 993 aptandis
768 944 811 979 ad
836 956 974 986 muros,

215 1004 252 1030 ut
281 1004 362 1030 ante
397 996 563 1042 scriptum
602 995 672 1031 est.
709 995 773 1030 Sed
810 994 892 1042 quia
921 993 976 1030 vir

214 1043 372 1081 honestus
399 1047 433 1080 ἃ
458 1047 595 1085 valens,
624 1046 659 1081 in
688 1045 793 1080 armis
824 1045 975 1091 peritus,

214 1097 360 1130 nomine
384 1097 577 1140 johannes,
606 1096 750 1131 natione
775 1095 975 1134 Utinenfis‚

214 1146 464 1181 contestatum
503 1145 673 1180 sociorum
716 1147 827 1179 XXV.
859 1145 975 1180 missus

213 1194 324 1229 fuerat
362 1195 398 1229 in
438 1194 593 1230 succursu
630 1207 739 1229 terrae
776 1194 975 1229 infidelium

212 1244 452 1279 sacillenfium
483 1258 541 1290 per
570 1244 758 1279 Utinenses
783 1244 820 1280 &
850 1244 973 1280 ReE’to—

212 1307 282 1329 rem
314 1297 531 1330 Venetorum
549 1322 560 1338 ,
589 1296 648 1343 qui
687 1295 724 1330 in
755 1294 874 1331 Utino
903 1308 978 1330 mo-

211 1357 284 1379 ram
328 1345 489 1382 trahebat
541 1358 602 1392 pro
646 1345 771 1382 Due-ali
816 1346 979 1382 dominio

213 1396 432 1432 Venetorum
450 1423 460 1437 ,
497 1398 624 1431 vadens
664 1410 721 1443 per
750 1396 949 1432 submontes
968 1425 978 1440 ‚

212 1457 320 1493 quum
366 1445 541 1493 applicuit
578 1445 649 1494 ipse
686 1445 859 1491 Johannes
898 1460 977 1483 cum

213 1496 289 1543 ejus
318 1496 490 1533 comitiva
517 1497 721 1539 Avianum,
750 1497 895 1546 reperiit
919 1501 975 1533 Sa-

215 1546 338 1582 cillum
383 1547 456 1584 fore
497 1548 616 1583 datum
661 1548 751 1597 parti
793 1548 977 1585 adversae.

210 1597 258 1633 Et
286 1597 348 1646 ipfi
377 1600 418 1634 de
448 1599 592 1634 Aviano
622 1601 736 1635 claves
773 1599 878 1648 ipfius
905 1599 978 1636 loci

211 1648 350 1687 Aviani
387 1649 554 1686 miserant
593 1664 655 1692 pro
692 1664 811 1687 eorum
844 1651 978 1686 nuntiis

211 1699 380 1736 Sacillum
429 1700 491 1747 ipfi
537 1700 696 1737 Domino
738 1700 979 1737 infeliciffimo

211 1749 378 1786 Comiti.
410 1750 514 1785 Illico
548 1750 609 1795 ipfi
638 1752 679 1784 de
709 1751 854 1785 Aviano
882 1764 977 1786 eum·

213 1799 290 1834 dem
321 1799 514 1842 Iohannem
545 1811 623 1834 cum
655 1798 758 1835 sociis
787 1799 854 1835 suis
883 1814 977 1849 prae-

211 1849 318 1885 dietis
346 1863 365 1884 a
404 1850 435 1883 se
471 1849 768 1886 licentiaverunt.
806 1850 879 1897 Qui
918 1851 972 1887 sta—

214 1900 281 1936 tim
313 1899 493 1935 venientes
523 1913 582 1948 per
608 1899 832 1940 submontes,
860 1902 906 1937 ob
932 1903 975 1937 ti-

211 1963 346 1987 morem
376 1950 513 1986 induffl
535 1978 545 1994 ‚
583 1950 742 1987 videntes
780 1950 869 1999 ipsas
897 1965 974 2001 gen-

213 2011 265 2037 tes
302 2001 389 2036 talia
426 2002 504 2035 loca
542 2000 728 2037 fortiffima
766 2003 873 2038 verbo
902 2012 975 2038 tan-

214 2053 290 2088 tum
321 2051 483 2094 vincere,
514 2062 684 2087 venerunt
717 2053 754 2088 in
793 2053 869 2100 ipso
896 2067 977 2089 con·

214 2102 315 2138 stanti
343 2104 375 2137 &
414 2101 604 2138 forriffimo
641 2103 762 2138 Castro
797 2104 979 2144 maniaci,

217 2153 400 2189 referentes
432 2152 517 2197 gesta
549 2166 607 2199 per
636 2153 796 2190 infideles
824 2155 978 2202 ipsorum

216 2203 396 2239 locorum.
437 2204 617 2240 Admirati
655 2205 807 2241 multum
849 2205 979 2243 fuimus

216 2266 280 2289 nos
308 2253 349 2288 de
381 2253 546 2290 Maniam
564 2283 574 2299 ‚
612 2269 683 2291 non
711 2266 829 2293 tamen
859 2258 978 2307 pavidi

217 2304 301 2341 faffl
316 2331 326 2346 ,
354 2317 417 2339 nec
444 2304 558 2340 nostro
586 2307 678 2342 bono
699 2308 818 2345 animo
839 2322 878 2345 ac
899 2323 974 2359 pro-

219 2356 330 2405 pofito
363 2355 567 2404 aliqualiter
601 2360 712 2396 moti.
753 2362 866 2397 Immo
903 2360 974 2397 ani-

221 2419 316 2442 mum
348 2407 493 2456 quisque
523 2408 666 2444 nestun
700 2410 815 2448 sumsit
851 2411 976 2449 fortio—

220 2470 293 2494 rem
328 2457 363 2493 in
399 2459 590 2496 obtinende-
631 2463 720 2497 velle
758 2462 871 2504 insu-*n
909 2466 961 2501 Ca

220 2508 356 2549 strum,
397 2507 434 2544 &
476 2510 734 2552 pronsffionem
777 2514 885 2563 ipsam
929 2514 970 2550 fa-

221 2560 316 2597 &am
338 2558 467 2596 nostrae
487 2561 598 2608 parti.
625 2563 840 2610 Rogavimus
864 2565 978 2615 ipsum

1000 788 1003 816 1

1000 975 1004 1014 Ι

1005 1714 1010 1969 ἱ

998 2493 1008 2617 Ι

1013 1206 1045 1241 C

1018 1669 1053 1703 D

1017 2121 1045 2155 E

1059 2577 1065 2610 ff
1090 2576 1223 2617 partem
1242 2595 1254 2613 ,

1083 337 1137 372 stri
1188 334 1355 384 praediffl
1396 334 1620 378 defensione,
1663 341 1844 378 nobiscum

1083 387 1147 423 effe
1178 388 1307 428 vellet.
1336 395 1376 422 ut
1404 386 1425 420 st
1453 395 1571 434 gentes
1600 386 1691 432 ipsae
1714 390 1754 424 ad
1782 403 1846 426 nos

1085 437 1268 481 venisent,
1297 436 1477 485 juvamine
1513 435 1663 485 ipsarum
1693 451 1755 474 nos
1783 453 1847 486 po-

1083 498 1199 524 tenter
1225 489 1316 524 tueri
1347 487 1541 535 possemus.
1580 489 1655 524 Nec
1682 488 1846 525 intende-

1085 540 1205 576 bamus
1233 538 1344 575 facere
1374 539 1486 583 velle,
1526 547 1566 574 ut
1601 539 1769 586 praediffi
1798 540 1850 576 fe-

1085 600 1202 625 cerant
1217 615 1228 630 ‚
1256 589 1294 626 ὃ(
1318 590 1419 625 nobis
1445 588 1625 638 acquirere
1648 587 1850 628 infidelium

1084 639 1239 676 famam.
1282 640 1410 687 Eisque
1451 639 1672 690 promisimus
1714 639 1848 677 solvere

1085 704 1146 739 pro
1174 692 1247 726 rata
1275 693 1464 739 temporis,
1492 693 1530 728 in
1561 705 1626 740 qua
1653 690 1753 726 nobis
1782 690 1851 726 ser-

1086 743 1223 785 virent,
1251 741 1376 788 eosque
1406 742 1555 790 benigne
1576 741 1744 778 traffiare.
1772 741 1849 787 Qui

1085 791 1270 836 videntes,
1312 805 1374 828 nos
1411 793 1476 829 tali
1517 793 1609 828 bono
1637 792 1757 828 animo
1784 792 1850 829 effe

1086 842 1199 886 velle,
1228 843 1400 879 laetanter
1438 843 1603 880 steterunt
1641 843 1851 880 nobiscum.

1085 894 1129 928 Et
1159 895 1287 941 reperti
1316 893 1394 930 sunt
1421 908 1542 930 omnes
1584 894 1669 930 boni
1696 895 1730 929 ὅ(
1762 893 1851 930 viri-

1086 944 1135 978 les
1163 944 1204 979 ad
1233 943 1462 980 defenfionem
1490 944 1660 980 nostram.
1688 947 1735 980 Et
1762 958 1850 991 quae

1086 993 1137 1028 eis
1166 994 1409 1042 promisimus,
1437 994 1612 1039 fecimus,
1639 994 1673 1029 &
1701 1007 1719 1030 a
1747 994 1850 1031 nobis

1086 1045 1257 1080 laetanter
1283 1044 1490 1080 recesserunt
1507 1070 1517 1080 .

1139 1096 1201 1130 Sed
1233 1104 1271 1131 ut
1308 1095 1487 1131 redeamus
1518 1094 1560 1130 ad
1595 1094 1751 1138 faustum,
1789 1093 1850 1130 iste

1088 1143 1246 1181 honestus
1283 1146 1457 1190 Johannes
1484 1144 1761 1189 Contestabilis,
1797 1145 1854 1181 lo-

1087 1205 1215 1242 quente
1253 1197 1412 1232 Domino
1449 1196 1616 1233 Luchino
1651 1208 1732 1232 cum
1774 1197 1852 1231 Do-

1090 1248 1187 1280 mino
1217 1246 1413 1291 Rizzardo,
1442 1248 1477 1282 8<
1505 1250 1578 1292 ejus
1605 1246 1733 1291 sociis,
1759 1255 1853 1282 tam-

1088 1308 1192 1343 quam
1222 1296 1407 1342 provisus,
1445 1297 1479 1331 &
1516 1296 1554 1331 in
1591 1297 1722 1332 talibus
1760 1294 1853 1343 peri-

1087 1354 1174 1390 tus,
1216 1345 1332 1382 subito
1370 1346 1530 1382 hortatus
1570 1346 1615 1381 est
1654 1345 1692 1382 in
1731 1346 1851 1384 Castro

1086 1406 1160 1432 tam
1190 1395 1351 1433 homines
1381 1397 1486 1445 quam
1517 1397 1681 1434 mulieres
1710 1398 1852 1446 repeda-

1087 1460 1123 1482 re
1141 1473 1151 1489 ‚
1179 1448 1212 1481 δε
1242 1456 1281 1483 ut
1308 1447 1462 1494 quilibet
1499 1456 1606 1494 ponat
1633 1461 1757 1495 aquam
1797 1447 1853 1485 su-

1089 1510 1149 1546 per
1176 1495 1293 1545 ignem
1324 1509 1404 1532 cum
1432 1495 1549 1532 cinere
1577 1497 1673 1533 intus
1692 1526 1703 1543 ,
1739 1500 1772 1534 8<
1801 1500 1855 1534 la-

1090 1547 1186 1596 pides
1213 1547 1255 1584 ad
1293 1559 1410 1583 muros
1447 1560 1509 1594 pro
1545 1548 1657 1584 nostra
1685 1548 1854 1585 defenfio-

1089 1612 1158 1635 ne.
1199 1597 1374 1634 Animum
1416 1596 1554 1634 sumant
1596 1597 1851 1640 fortiffimum,

1089 1648 1126 1685 δ(
1168 1648 1200 1686 se
1235 1649 1273 1685 in
1313 1662 1441 1697 pavore
1477 1662 1548 1685 non
1584 1649 1754 1686 inducant
1792 1663 1855 1698 pro

1091 1699 1279 1747 jaetamine
1308 1699 1574 1736 bombardarum
1593 1727 1603 1744 ‚
1640 1701 1724 1749 quia
1753 1700 1853 1736 audi-

1089 1759 1128 1786 to
1155 1764 1294 1786 rumore
1322 1751 1466 1786 duarum
1484 1779 1494 1796 ‚
1526 1752 1580 1787 vel
1608 1751 1716 1787 trium
1735 1774 1745 1790 ,
1776 1751 1856 1786 nul-

1090 1802 1143 1836 lus
1171 1801 1319 1836 ulterius
1348 1810 1507 1836 curaret.
1544 1801 1651 1842 Estote
1679 1799 1855 1848 (ajebat)

1087 1852 1180 1895 sortes
1207 1852 1338 1889 animo,
1373 1851 1449 1896 quia
1479 1851 1573 1897 Virgo
1601 1852 1715 1886 Maria
1732 1877 1742 1894 ‚
1775 1853 1857 1885 Ma-

1089 1911 1136 1935 ter
1165 1901 1295 1935 Domini
1323 1900 1418 1942 nostri
1436 1900 1519 1944 Jesu
1545 1900 1664 1942 Christi
1699 1901 1855 1945 nobiscum

1090 1951 1154 1996 est,
1181 1962 1236 1999 pro
1262 1963 1324 1999 qua
1360 1950 1449 1985 nobis
1477 1950 1625 1985 nituntur
1652 1951 1728 1994 istae
1754 1951 1856 1987 malae

1086 2013 1196 2050 gentes
1229 2015 1283 2037 nos
1310 2002 1487 2049 offendere.
1523 2002 1598 2046 Ipsa
1625 2002 1765 2038 Domina
1802 2016 1858 2037 no-

1085 2054 1153 2096 stra
1179 2053 1268 2088 noln's
1294 2052 1449 2098 juvamen
1473 2053 1636 2101 porriget,
1665 2053 1708 2091 &
1734 2053 1856 2099 suffra-

1087 2118 1178 2152 grum
1204 2105 1295 2146 tale,
1322 2105 1406 2152 quod
1437 2104 1543 2139 nullus
1575 2104 1710 2146 noflrtQm
1745 2102 1856 2145 laesio-

1092 2170 1160 2191 nem
1185 2157 1348 2203 patietur,
1384 2169 1437 2190 nec
1473 2155 1534 2202 ipsi
1569 2168 1622 2189 nos
1651 2154 1774 2189 vincere
1799 2164 1857 2200 po-

1091 2217 1220 2244 terunt.
1262 2209 1326 2244 Per
1360 2206 1496 2243 dietum
1534 2205 1631 2254 cujus
1660 2204 1772 2241 visum
1811 2203 1858 2240 est

1092 2257 1310 2308 unicuique,
1352 2258 1445 2294 nihil
1486 2257 1527 2294 de
1569 2256 1647 2306 ipfis
1690 2255 1856 2306 gentibus

1093 2322 1230 2345 curare.
1267 2312 1315 2347 Et
1345 2310 1519 2347 redeundo
1546 2308 1587 2345 ad
1619 2308 1721 2344 verba
1753 2305 1856 2354 ipfius

1094 2360 1242 2397 Domini
1281 2362 1436 2399 Luchini
1476 2373 1555 2397 cum
1592 2358 1669 2405 ipso
1697 2358 1855 2394 Domino

1093 2414 1295 2459 Rizzardo,
1322 2413 1466 2450 obtenta
1503 2412 1648 2449 licentia
1679 2410 1772 2446 inter
1801 2406 1856 2454 ip-

1091 2464 1166 2508 sos,
1196 2473 1280 2501 tunc
1306 2467 1459 2513 quilibet
1486 2474 1661 2500 revertens
1689 2463 1729 2498 ad
1761 2458 1854 2494 suam

1092 2527 1222 2565 partem
1249 2516 1403 2556 receffit.
1424 2518 1455 2551 8<
1479 2515 1512 2550 se
1534 2512 1674 2549 reduxit
1695 2511 1735 2546 ad
1761 2507 1855 2544 suam

1293 2567 1448 2603 dicentes
1485 2563 1548 2611 qui
1585 2561 1677 2599 miffi
1718 2566 1849 2647 ‹gaigtz

1755 2620 1780 2646 tt
