2237 3084
256 246 338 288 547

577 230 792 274 BELLI
841 221 1442 287 FOROJULJENSJ&

1679 228 1761 284 548

194 291 332 339 gutium
365 302 546 334 pauperem
587 289 737 325 nostrum
767 288 953 328 vicinum,
989 287 1026 322 A
1064 290 1117 316 ter
1138 279 1405 315 destruaeffionem
1430 278 1599 320 dederunt
1620 284 1731 322 villae
1749 286 1824 322 Ar·

194 340 255 388 qui
284 350 401 376 tamen
428 341 470 376 de
497 353 616 375 eorum
647 339 806 376 manibus
834 338 951 380 fugam

191 391 314 438 cepit,
341 392 375 426 δ(
407 402 504 427 venit
535 389 763 426 Maniacum.
802 387 949 422 Bartho-

189 442 348 478 lomaeus
389 442 563 489 quondam
611 437 757 476 Domini
802 436 949 493 Odorici

191 491 293 528 venit
327 492 369 527 de
401 492 585 527 comitatu
615 488 750 525 Tirolis
787 486 858 534 post
895 499 949 534 ip—

191 540 264 578 sum
294 541 460 578 insultum
491 540 592 575 nobis
619 539 761 581 datum,
790 538 824 571 &
852 550 948 585 repe-

188 592 253 629 riit
275 605 337 627 nos
358 591 400 625 de
419 590 586 625 Maniaco
605 588 644 624 in
663 587 828 636 gravibus
848 601 949 636 guer-

187 642 235 678 ris
272 642 305 676 δε
342 638 547 682 discordiis,
585 637 782 685 specialiter
818 652 880 674 nos
908 638 950 674 de

185 691 354 727 Maniaco
381 703 457 726 cum
489 689 673 737 praediffis
699 689 740 725 de
768 689 946 725 Meduno.

189 743 237 778 Et
265 742 381 777 Arbae
408 740 605 787 campanile
631 740 672 776 ad
702 750 827 776 terram
856 738 946 787 deje—
992 740 1022 776 B

187 804 369 834 teramus,
405 791 439 826 δε
470 790 606 826 Villam
644 789 791 826 cremari
820 788 948 824 fecera-

187 854 288 878 mus.
328 840 404 877 Post
439 844 522 878 vero
558 841 646 878 diffli
685 838 949 876 Bartholomaei

184 892 374 929 adventum
393 920 403 937 ,
437 891 509 941 ipse
538 900 700 940 potenter
726 889 764 926 &
793 889 948 926 animose

186 943 377 991 procedens
401 943 442 979 ad
470 955 628 992 guerram
656 940 845 989 saepiffime
870 953 949 977 cum

189 991 293 1028 sociis
320 1002 393 1029 tam
422 994 464 1029 de
492 1002 674 1036 contrata,
701 995 805 1040 quam
837 991 949 1027 foren-

190 1041 308 1087 sibus,
348 1042 440 1091 ipsos
481 1043 523 1078 de
559 1042 719 1078 Meduno
759 1042 953 1085 invadens,

190 1105 250 1128 eos
278 1092 444 1129 bellicose
470 1092 657 1128 destruxit.
685 1094 733 1128 Et
756 1091 849 1140 quast
876 1105 951 1127 om—

187 1142 226 1178 ni
254 1142 312 1177 die
340 1143 447 1178 nostri
477 1157 537 1189 per
563 1152 701 1178 montes
730 1143 762 1176 8<
795 1156 853 1189 per
881 1143 954 1190 pla-

187 1204 272 1227 num
310 1204 369 1227 eos
405 1191 613 1227 infestabant
647 1193 681 1226 8<
710 1192 955 1231 destruebant,
991 1197 1027 1234 C

186 1241 224 1277 &
250 1253 308 1276 eos
346 1241 387 1275 ad
426 1251 566 1276 tantum
594 1241 813 1277 deduxerunt
850 1241 955 1276 nostri

187 1289 358 1339 praediRi
376 1317 388 1334 ,
415 1291 509 1338 quod
538 1292 720 1327 contentio
755 1290 872 1338 gravis
900 1292 954 1327 in-

188 1349 243 1376 ter
269 1340 363 1388 ipsos
391 1341 568 1377 consortes
597 1342 639 1378 de
675 1342 835 1378 Meduno
866 1340 957 1378 fausta

188 1391 256 1427 est.
288 1393 326 1425 ln
353 1405 420 1439 qua
446 1392 619 1428 discordia
643 1392 817 1436 Johannes
843 1394 951 1428 Gran*

189 1440 244 1476 dis
279 1442 455 1488 quondam
495 1442 645 1478 Domini
683 1442 887 1487 Francisci,
923 1444 957 1478 δε

189 1491 364 1536 Johannes
397 1494 547 1535 Parvus,
579 1493 652 1540 ejus
683 1506 789 1536 nepos
816 1495 959 1541 expule-

191 1551 275 1577 runt
312 1544 372 1577 Ser
397 1541 646 1586 Jacobuccium
685 1544 862 1590 quondam
900 1546 960 1580 Ser

190 1592 398 1642 Nicolufii3
437 1592 520 1640 quia
558 1592 619 1629 iste
645 1594 896 1638 Jacobuccius,
923 1596 958 1630 &

188 1642 469 1680 Thomascuttus
507 1644 681 1691 quondam
722 1647 782 1681 Ser
821 1645 1027 1698 Philip-'D

188 1692 255 1742 pi,
292 1693 366 1743 ejus
407 1694 683 1743 consanguineus
723 1696 959 1731 condolebant

191 1743 258 1779 effe
285 1758 365 1780 cum
403 1745 608 1780 hominibus
641 1745 802 1779 Maniaci
838 1746 875 1780 in
904 1746 955 1780 di-

190 1792 353 1838 scordia,
396 1794 554 1829 videntes
597 1804 720 1828 contra
759 1807 823 1829 nos
864 1795 957 1830 nihil

191 1843 312 1892 poffe,
349 1843 413 1877 nisi
454 1844 524 1889 pati
563 1844 726 1878 ultimam
755 1844 954 1881 destruetio-

191 1905 272 1928 nem
292 1917 302 1931 ‚
340 1902 379 1928 ut
408 1892 458 1928 eis
495 1893 656 1942 apparuit
691 1893 728 1929 in
761 1894 930 1941 posterum
950 1923 959 1932 .

189 1943 295 1979 Tunc
323 1942 511 1978 traaatum
543 1945 738 1979 habuerunt
766 1944 826 1993 ipsi
855 1948 954 1990 Jaco-

191 1992 335 2029 buccius
372 1994 406 2028 δ(
449 1993 723 2043 consanguineus
760 1996 802 2031 de
842 1996 956 2033 mense

190 2043 277 2088 Julii
319 2056 398 2079 cum
436 2057 553 2080 eorum
596 2045 756 2089 villicis,
792 2048 826 2082 8<
864 2048 956 2096 ipsos

196 2094 389 2137 johannem
418 2096 592 2130 Grandem
631 2095 669 2132 ἃ
710 2098 858 2133 Parvum
896 2099 1020 2134 ex-1E

197 2145 393 2191 pulcrum,
430 2146 463 2180 &
500 2146 656 2182 Castrum
697 2147 733 2182 in
774 2147 806 2182 se
845 2148 954 2185 serva-

194 2204 277 2229 runt
304 2195 344 2229 ad
373 2194 539 2232 honorem
572 2198 682 2244 Ligae
711 2198 955 2236 Utinensium.

197 2244 245 2279 Et
274 2244 440 2280 miserunt
474 2247 511 2281 in
540 2247 708 2285 Maniaco
736 2263 795 2298 per
823 2249 957 2286 succur-

195 2292 269 2330 sum
308 2293 509 2339 sociorum,
546 2299 671 2345 quibus
710 2313 772 2335 nos
799 2301 840 2337 de
875 2304 954 2338 Ma-

195 2344 298 2381 niaco
336 2346 376 2382 ad
419 2345 664 2384 sufficientiam
707 2351 860 2388 mifirnus
901 2352 952 2388 so-

198 2395 298 2436 cios,
325 2396 386 2444 qui
424 2410 503 2434 cum
540 2399 589 2435 eis
626 2399 857 2451 habitabant3
895 2403 954 2439 ha-

199 2446 346 2481 buerunt
377 2449 471 2484 enim
509 2450 678 2487 continuo
705 2453 861 2489 Castrum
892 2467 938 2490 no

200 2496 256 2531 stri
287 2496 371 2531 socii
399 2498 435 2533 in
464 2500 638 2538 custodia.
675 2505 721 2537 Et
753 2504 790 2538 in
819 2506 948 2553 praedi·

197 2546 256 2584 &a
281 2561 405 2598 guerra
431 2549 537 2586 nostri
563 2551 605 2587 de
640 2551 809 2590 Maniaco
837 2555 953 2594 finali-

1065 331 1128 367 bae
1145 356 1156 372 ,
1184 342 1278 366 arcas
1295 356 1305 372 ,
1337 329 1461 365 arcilia
1477 356 1490 375 ,
1517 332 1622 376 vasa,
1657 336 1825 383 brentas,'

1065 382 1099 417 &
1136 378 1206 416 alia
1242 379 1498 429 suppelleE’tilia
1524 381 1731 420 Maniacum
1759 387 1826 422 du-

1066 440 1210 476 centes,
1247 432 1279 467 &
1317 431 1412 480 quod
1449 431 1574 468 ducere
1613 444 1685 468 non
1725 445 1827 483 pote-

1066 491 1171 527 rant,
1207 484 1431 529 cremabant,
1465 481 1560 519 nihil
1595 483 1735 532 penitus
1771 485 1827 522 di·

1067 534 1271 570 mittentes.

1118 585 1166 620 Et
1189 593 1295 629 nota,
1320 585 1414 632 quod
1436 593 1603 635 regnante
1626 598 1748 635 guerra
1770 586 1828 623 in·

1065 641 1120 670 ter
1145 647 1209 671 nos
1236 635 1279 672 de
1305 635 1474 672 Maniaco
1497 634 1537 673 ἃ
1561 635 1654 686 ipsos
1680 637 1723 673 de
1746 638 1830 673 Me·

1065 684 1182 730 duno,
1219 685 1380 723 homines
1417 689 1556 723 Fannae
1591 686 1675 724 satis
1710 687 1828 737 aperte

1065 734 1151 770 ficut
1178 748 1241 771 nos
1277 737 1320 772 de
1346 737 1515 774 Maniaco
1550 737 1748 775 sentiebant
1776 737 1829 774 ire

1065 795 1187 821 contra
1222 785 1341 835 ipsos,
1369 787 1439 825 five
1475 802 1535 837 per
1574 789 1698 825 villam
1736 791 1829 825 Fan-

1066 849 1151 880 nae,
1177 836 1247 874 five
1277 852 1296 874 a
1325 848 1421 887 parte
1456 839 1645 885 inferiori,
1673 840 1730 876 vel
1768 851 1829 889 per

1066 896 1226 932 montes,
1249 887 1336 925 sicut
1360 903 1423 926 nos
1448 889 1500 926 ire
1524 889 1744 934 sentiebant,
1770 901 1830 939 pet

1067 936 1159 985 figna
1185 937 1297 983 fumi,
1326 942 1382 975 vel
1410 940 1557 976 nuncios
1584 940 1635 976 eis
1665 950 1750 977 nota
1777 940 1830 976 fa-

1067 988 1225 1024 ciebant.
1263 991 1310 1025 Et
1336 989 1374 1025 in
1412 990 1478 1026 hoc
1505 1003 1632 1040 magna
1667 989 1831 1027 inimici·-

1068 1038 1116 1072 tia
1149 1040 1318 1087 regnabat
1352 1040 1446 1077 inter
1481 1054 1545 1076 nos
1581 1041 1623 1076 de
1659 1041 1829 1078 Maniaco

1067 1101 1145 1123 cum
1171 1088 1250 1137 ipsis
1275 1091 1317 1126 de
1338 1093 1478 1137 Fauna,
1498 1105 1539 1128 ac
1562 1091 1655 1140 ipsos
1679 1093 1721 1128 de
1747 1091 1830 1128 Me-

1066 1138 1185 1176 duno.
1223 1139 1326 1177 Certi
1366 1143 1410 1178 de
1449 1145 1592 1186 Fanna,
1630 1141 1830 1190 specialiter

1065 1190 1213 1225 Atticus
1250 1191 1418 1229 Bosdrani
1436 1220 1447 1237 ,
1473 1194 1509 1228 δε
1537 1194 1720 1229 Conradus
1749 1194 1830 1229 Pal-

1066 1252 1164 1280 mae,
1193 1241 1256 1286 qui
1293 1251 1410 1277 tamen
1450 1256 1509 1290 per
1537 1243 1668 1279 nostros
1705 1242 1830 1280 adver-

1066 1287 1172 1324 sarios
1199 1290 1268 1325 fuit
1293 1291 1520 1336 interfefi’cus‚
1541 1294 1575 1328 δ(
1600 1294 1724 1329 ἀυΕὶυε
1749 1306 1829 1331 cum

1067 1352 1136 1374 uno
1173 1340 1285 1376 altero
1326 1342 1363 1376 in
1403 1344 1543 1386 Fanna,
1582 1345 1726 1380 nomine
1763 1345 1831 1380 Vi-

1065 1389 1285 1438 gnudiffius,
1323 1405 1382 1440 per
1417 1402 1536 1441 gentes
1574 1394 1725 1430 Domini
1766 1396 1830 1431 Pa-

1065 1445 1151 1475 duae
1189 1443 1306 1476 versus
1343 1445 1512 1482 Turrim,
1539 1445 1572 1477 &
1612 1444 1711 1489 super
1741 1444 1828 1487 via.

1066 1491 1122 1525 vel
1158 1500 1279 1533 extra,
1317 1502 1475 1528 mortuus
1512 1492 1582 1529 fuit
1609 1494 1647 1531 &
1683 1494 1830 1531 abscon-

1066 1540 1141 1585 sus,
1178 1544 1271 1589 quod
1310 1543 1351 1577 de
1387 1556 1429 1578 eo
1466 1545 1605 1592 penitus
1645 1545 1694 1581 sui
1734 1546 1828 1583 nihil

1065 1591 1192 1627 sentire
1231 1602 1441 1641 potuerunt,
1478 1595 1511 1630 &
1550 1593 1636 1631 ficut
1670 1599 1828 1642 meruit,

1065 1641 1108 1677 sic
1138 1643 1329 1679 mercedem
1359 1643 1531 1692 suscepit.
1563 1646 1736 1682 Praedi&i
1770 1660 1831 1683 ve-

1065 1695 1103 1727 ro
1126 1692 1292 1733 Articus,
1314 1693 1351 1730 ὅ(
1375 1696 1558 1732 Conradus
1573 1723 1583 1739 ‚
1606 1697 1640 1732 &
1668 1698 1732 1733 alii
1758 1697 1830 1733 cir-

1065 1755 1103 1777 ca
1132 1742 1277 1778 Bestiam
1308 1743 1400 1793 ipsos
1426 1745 1468 1782 de
1501 1747 1660 1783 Meduno
1697 1748 1829 1782 retine-

1066 1793 1149 1828 bant
1175 1793 1378 1838 abs-:onsos,
1406 1805 1445 1831 ut
1471 1796 1556 1831 hora
1591 1796 1711 1844 aliqu&
1737 1795 1828 1833 ἀὶἃί

1033 1866 1040 1914 5
1065 1843 1193 1878 nostros
1211 1870 1221 1886 ,
1248 1854 1368 1879 euntes
1396 1847 1551 1880 Fannam
1569 1874 1579 1890 ‚
1608 1848 1742 1895 poffent
1770 1860 1829 1883 ca-

1064 1907 1169 1941 pere,
1204 1893 1239 1927 &
1280 1894 1505 1941 depraedari.
1542 1898 1589 1931 Et
1630 1897 1829 1933 consentie-

1065 1945 1169 1987 bant,
1196 1944 1230 1978 &
1259 1943 1530 1989 consenserunt,
1558 1948 1651 1994 quod
1681 1946 1827 1995 quidam

1065 1994 1218 2029 Uvricus
1256 1994 1451 2039 Bohemus,
1480 1995 1668 2033 familiaris
1700 1999 1828 2035 Domi-

1035 2023 1039 2098 i
1064 2046 1101 2080 ni
1130 2044 1286 2081 Luchini
1312 2046 1346 2081 8<
1374 2045 1542 2092 fratrum,
1573 2048 1641 2084 fuit
1668 2048 1704 2084 in
1740 2048 1827 2086 villa

1037 2112 1039 2124 2
1065 2098 1203 2131 Fannae
1228 2106 1369 2144 captus,
1392 2098 1520 2134 vadens
1541 2099 1726 2147 loquutum
1752 2101 1826 2135 Do-

1036 2143 1039 2183 l
1066 2146 1164 2182 mino
1202 2146 1381 2184 Nicolao.
1409 2150 1456 2184 Et
1494 2149 1537 2185 fic
1572 2163 1633 2198 per
1658 2149 1749 2197 ipsos
1783 2149 1827 2187 de

1035 2186 1039 2244 Ι
1066 2200 1183 2233 Panna
1211 2211 1274 2233 nos
1309 2198 1351 2234 de
1378 2200 1545 2236 Maniaco
1579 2202 1669 2237 male
1697 2200 1826 2237 trassa-

1066 2249 1206 2284 bamur.
1234 2251 1280 2284 Et
1308 2251 1491 2287 multoties
1520 2251 1622 2288 nostri
1648 2251 1825 2299 capientes

1066 2299 1225 2348 captivos
1254 2314 1360 2349 prope
1387 2303 1510 2337 villam
1543 2303 1679 2342 Arbae,
1707 2304 1740 2338 8<
1772 2302 1826 2339 su-

1067 2363 1126 2397 per
1153 2350 1312 2386 dominio
1341 2351 1443 2397 ipfius
1482 2353 1610 2398 villae,
1640 2355 1694 2389 vel
1734 2354 1825 2389 rnul-

1036 2423 1041 2432 .
1067 2400 1173 2436 toties
1193 2401 1360 2439 animalia
1382 2404 1490 2452 grossa
1513 2405 1545 2439 δι
1568 2404 1702 2441 minuta
1717 2432 1727 2447 ,
1751 2406 1825 2439 Do-

1067 2452 1182 2488 minus
1225 2454 1417 2498 Nicotaus,
1455 2455 1615 2492 habitans
1659 2455 1822 2496 Mizzae,

1068 2502 1273 2540 Maniacum
1304 2511 1379 2541 tuos
1404 2505 1546 2541 nuntios
1574 2506 1739 2540 mittebat
1766 2516 1822 2538 ro-

1061 2556 1200 2604 gando,
1238 2565 1278 2590 ut
1311 2557 1533 2595 relaxarent,
1570 2566 1647 2590 cum
1686 2552 1823 2590 blandis

1108 2606 1154 2640 M
1179 2616 1216 2639 m
1243 2617 1266 2651 a.
1692 2615 1772 2648 yer-
