2237 3084
473 237 488 264 I
534 237 549 264 1

408 235 563 316 :amifinius
601 278 821 328 phantasticis
859 280 1062 327 quibusdam
1102 280 1161 316 ho-

388 331 560 367 ·minibus
602 342 699 367 extra
743 330 913 366 Ecclesiae
953 330 1165 368 Catholicae

405 382 507 417 casira
545 381 806 422 militantibus,
834 382 948 428 qualis
986 396 1073 418 aevo
1101 396 1157 417 no-

404 432 470 467 stro
497 431 566 467 fuit
593 430 789 468 calvinista
817 433 960 475 Jurieu.
992 431 1160 467 Ceterum

401 495 446 519 ex
474 484 646 529 Theophori
673 483 838 527 Cusentini
873 481 1019 517 somniis
1046 482 1162 518 haele-

403 545 467 569 nus
504 533 690 569 delineatis
726 533 818 569 nihil
849 532 943 568 aliud
980 545 1163 580 excerpere

402 583 517 620 visum
545 584 636 619 mihi
665 583 755 625 fuit,
783 594 857 619 tum
886 582 968 631 quia
1003 582 1163 618 cordatos

400 635 499 670 viros
528 635 613 670 novi
641 636 682 670 ab
711 635 746 670 id
774 647 880 684 genus
908 632 1010 681 nugis
1038 633 1154 668 abhor-

403 697 499 730 rere,
523 695 599 721 tum
628 686 736 721 etiam
762 686 854 734 quod
884 685 1054 720 nonnulla
1080 696 1155 718 con-

402 736 562 779 tineant,
583 749 670 784 quae
697 749 715 772 a
739 736 940 771 delicatulis
968 734 1163 771 Censorum

401 788 633 835 quorumdam
662 787 845 822 stomachis
876 800 996 822 vereor
1023 794 1061 820 ut
1091 786 1158 833 pla—

400 837 480 873 cide
497 847 800 886 concoquerentur
812 865 822 881 ,
840 851 877 872 ac
895 846 1074 885 propterea
1097 834 1164 870 suis

400 887 439 924 in
468 888 620 924 tenebris
648 889 844 935 relinquere
873 887 977 923 satius
1005 885 1113 922 duxi.

456 939 582 985 Neque
613 937 729 974 minus
766 938 869 974 avide
907 937 1000 974 levia
1029 949 1164 985 praece·

402 988 563 1023 dentium
602 990 825 1025 saeculorum
854 988 997 1037 ingenia
1034 999 1161 1022 convo-

401 1039 520 1074 larunt
548 1040 589 1074 ad
617 1040 762 1075 alteram
789 1043 915 1074 Artem
945 1039 1042 1085 (ejus
1072 1049 1162 1071 ama—

400 1098 520 1124 torum
549 1103 632 1138 pace
656 1089 804 1137 dixero)
833 1099 939 1124 artem
970 1087 1165 1131 delirandi,

401 1149 512 1175 artem
541 1153 611 1174 non
647 1140 861 1179 ditescendi,
890 1139 944 1174 sed
972 1139 1010 1174 in
1040 1151 1164 1186 paupe-

399 1189 489 1224 riem
527 1190 672 1230 ruendi,
707 1204 796 1237 quae
834 1203 958 1239 nempe
997 1190 1163 1225 Metallo-

400 1252 477 1274 rum
516 1240 845 1278 transmutationem
875 1241 912 1277 δ(
953 1240 1027 1275 auri
1057 1238 1166 1275 confi-

399 1289 540 1334 ciendi,
568 1301 628 1326 aut
664 1292 791 1337 lapidis
831 1289 1070 1337 philosophici
1110 1289 1163 1324 in-

397 1339 566 1376 veniendi
603 1341 834 1385 methodum,
862 1340 885 1375 fi
924 1339 1053 1383 superis
1091 1341 1163 1387 pla·

399 1400 478 1434 cet,
504 1391 732 1426 seaatoribus
759 1391 827 1427 suis
852 1390 1061 1438 amplissime
1088 1391 1160 1437 pol-

397 1440 598 1477 licebatur.
636 1444 765 1478 Veram
795 1442 982 1478 Chemiam
1012 1455 1030 1477 a
1059 1441 1164 1485 falsa,

398 1489 469 1527 slve
494 1492 536 1526 ab
556 1492 746 1528 Alchemia
774 1493 969 1529 distinctam
999 1492 1076 1528 heic
1103 1505 1159 1527 vo-

399 1542 457 1575 lo.
488 1541 621 1576 Nostris
650 1542 687 1577 &
717 1543 796 1577 heic
833 1543 1085 1590 praecesserunt
1113 1544 1164 1578 A-

397 1591 521 1638 rabes3
540 1590 657 1626 nescio
677 1604 720 1626 an
742 1593 984 1638 praecesserint
1003 1593 1036 1628 8<
1055 1595 1164 1629 Grae-

399 1642 469 1678 cis.
506 1642 673 1691 Syllogen
709 1643 841 1691 quippe
877 1645 1090 1680 Graecorum
1124 1644 1165 1679 de

399 1691 468 1727 hoc
497 1705 703 1740 argumento
730 1695 818 1729 olim
848 1695 1004 1743 legebam
1034 1707 1099 1741 ego
1126 1694 1164 1729 in

400 1742 509 1777 Msto
533 1742 670 1778 Codice
693 1745 942 1781 Ambrosianae
965 1743 1163 1781 Bibliothe-

402 1804 482 1826 cae.
511 1791 564 1826 Ibi
593 1793 709 1839 primo
744 1798 973 1831 occurrebant
1011 1795 1166 1843 Stephani

402 1843 611 1876 oEcumenici
647 1843 827 1886 Philosophi
861 1845 1050 1880 Ττεεὶειωε
1087 1845 1162 1892 qui-

402 1903 480 1937 dam
512 1893 595 1942 πεφέ
627 1898 692 1939 τῆς
726 1892 825 1938 Θείας
856 1894 1019 1950 τέχνης,
1049 1903 1087 1934 de
1113 1904 1162 1935 di-

402 1954 484 1988 vina
519 1954 626 1990 Arte,
664 1951 804 1999 ejusque
841 1951 1005 1999 energia:
1036 1950 1091 1987 uti
1128 1951 1165 1989 &

403 2011 652 2061 compendium
695 2007 757 2051 τῆς
793 2003 887 2059 ιἐρεὶς
919 2002 1078 2058 τέχνης,
1109 2011 1162 2055 sa-

404 2077 471 2099 crae
497 2064 615 2098 Artis.
646 2060 678 2097 Is
716 2061 798 2096 haec
837 2060 997 2109 scripsisse
1034 2060 1167 2096 dicitur

403 2120 446 2150 ad
475 2114 656 2148 Heraclium
693 2116 835 2157 Regem.
863 2110 1028 2159 Sequitur
1056 2112 1163 2145 Helio—

402 2164 473 2200 dori
508 2163 691 2209 Philosophi
718 2166 763 2198 ad
789 2162 988 2204 Theodosium
1024 2166 1165 2208 Regem,

405 2223 474 2260 sive
506 2226 777 2271 Imperatorem,
803 2213 888 2264 ’ῐῐεξκι1
919 2217 982 2261 τ’ἧς
1013 2213 1072 2259 W
1105 2232 1164 2267 φι-

406 2275 583 2326 >xeo-down
613 2279 765 2330 μυςικῖις
796 2275 960 2330 τέχνης,
986 2283 1024 2314 de
1059 2281 1165 2325 mysti—

407 2348 442 2369 ca
469 2339 554 2369 Arte
580 2336 854 2377 Philosophmum.
888 2330 1040 2375 jambici
1069 2330 1167 2367 sunt.

407 2383 544 2421 Deinde
572 2384 735 2432 leguntur
761 2381 964 2430 Theophrasti
991 2382 1169 2428 Philolophi

408 2436 450 2471 de
476 2435 593 2475 eadem
622 2436 738 2469 divina
764 2438 850 2469 Arse
875 2432 1045 2478 jambici.
1071 2433 1165 2468 Tum

409 2488 447 2520 ,H
476 2486 573 2518 'othei
604 2485 779 2524 Philolopbr
808 2484 848 2517 de
876 2482 948 2529 ipsa
977 2484 1095 2518 divina
1122 2484 1164 2521 &-

404 2536 498 2583 {acra
530 2538 636 2575 Arte.
662 2534 847 2574 Accedunt
873 2534 1027 2571 Archelai
1058 2535 1163 2572 Philo-

790 220 1179 279 ANTIQUJT.
1220 219 1444 264 MEDH
1482 220 1646 263 ARV]

1893 240 1910 268 l
1950 242 1971 268 2

1197 283 1229 317 A
1262 281 1352 327 sophi
1379 278 1529 324 Jambici
1560 281 1597 315 in
1630 280 1722 316 idem
1761 243 2029 332 :at-gumerium,

1268 345 1306 366 ac
1334 331 1374 365 de
1409 331 1483 377 ipso
1511 343 1650 379 quoque
1687 333 1874 369 Traaatus
1902 336 2030 382 Pelagii

1268 381 1468 427 Philosophi,
1505 380 1542 417 ὅ(
1580 384 1668 418 alter
1703 383 1811 423 Ollam'
1847 386 2031 429 Phdosophi

1267 432 1307 467 ad
1327 431 1494 467 Petalium
1509 458 1516 466 .
1534 435 1731 480 Sequuntur
1750 435 1917 469 Democriti
1936 437 2030 482 Phy-

1267 482 1330 517 fica
1358 483 1391 517 δε
1421 483 1593 528 Mystica,
1621 484 1659 520 &
1691 485 1733 520 de
1762 485 1884 529 Azemi
1910 486 2030 522 confe-

1266 533 1404 569 Εὶίοηε.
1445 533 1559 569 Postea
1599 535 1724 580 Synefii
1765 536 1949 579 Philosophi
1986 537 2030 572 ad

1267 585 1444 628 Dioscorum
1471 584 1504 617 in
1532 585 1664 619 Librum
1692 585 1863 620 Democriti
1885 587 2032 623 Scholia.

1267 642 1428 678 Succedit
1455 644 1681 693 anepigraphi
1713 643 1917 693 Philosophi
1946 637 2032 686 ‘mest'

1267 693 1342 737 Θε-ἷὸ
1375 694 1513 740 ὕδατος
1545 701 1608 743 τῆς
1642 696 1876 748 Munda-we,
1904 705 1942 738 de
1977 704 2032 738 di-

1266 753 1347 787 vina
1373 756 1474 796 ,Aqua
1509 755 1696 797 albedinis,·
1723 768 1761 789 ac
1798 754 1923 789 deinde
1954 754 2031 802 eju-

1268 800 1358 837 sdem
1387 802 1600 849 Opusculum
1630 807 1667 837 de
1694 809 1788 839 Auro
1823 805 2029 849 confidendo.

1267 860 1363 896 Huic
1386 860 1582 898 adnefi’titur
1604 856 1762 910 Ζυτῖμὸ
1783 860 1831 899 rr&
1851 855 1925 899 66ίὸ
1946 854 2029 904 περ)

1267 912 1394 965 α’ρετῆς
1421 921 1539 959 Zosimi
1566 923 1676 956 divini
1703 925 1740 956 de
1765 923 1904 958 virtute.
1932 924 2029 958 Tum

1268 970 1443 1011 Christiani
1480 971 1572 1017 (hoc
1609 976 1747 1007 tantum
1784 972 1842 1009 illi
1874 985 2027 1012 nomen,

1242 1042 1245 1066 3
1267 1029 1327 1055 aut
1354 1020 1504 1068 titulus)
1530 1022 1745 1071 Opusculum
1770 1024 1809 1057 de
1833 1024 1950 1057 divina
1973 1025 2032 1057 A·

1265 1082 1349 1114 qua.
1388 1073 1552 1118 Sequitur
1591 1074 1767 1106 Salomonis
1808 1072 2032 1115 labyrinthus·

1241 1104 1363 1187 ‘Tum
1399 1123 1437 1154 de
1474 1123 1673 1164 temperando
1707 1121 1811 1164 ferro,
1846 1120 2032 1166 conficiendo

1188 1190 1233 1228 ,Ε
1265 1171 1450 1216 chrystallo,
1492 1172 1641 1219 aliisque
1682 1181 1825 1206 naturae
1866 1171 2028 1209 arcanis.

1267 1221 1430 1267 Denique
1466 1222 1535 1256 alia
1564 1224 1676 1257 multa
1713 1221 1900 1257 succedunt
1932 1235 2031 1258 com-

1266 1271 1403 1310 mixta,
1445 1284 1533 1318 quae
1575 1280 1651 1307 tum
1693 1272 1870 1313 Christiano
1922 1287 2030 1320 nuper

1266 1331 1462 1357 memorato
1506 1322 1732 1366 tribuuntur,
1769 1332 1844 1358 tum
1882 1324 2031 1367 zosimo,

1265 1372 1363 1421 cujus
1391 1372 1606 1421 Opusculum
1639 1376 1676 1408 de
1702 1376 1826 1420 organis
1865 1375 1908 1407 Θ·
1934 1374 2032 1408 cami-

1266 1423 1315 1457 nis
1354 1434 1676 1473 commemoratur3
1706 1424 1846 1460 demum
1878 1425 2032 1471 Agatho·

1264 1475 1430 1514 daemoni,
1458 1474 1524 1510 hoc
1552 1474 1597 1509 est
1629 1475 1831 1510 Mercurio.
1859 1474 1912 1509 lbi
1942 1474 2033 1522 legi-

1265 1534 1323 1560 tur
1363 1524 1573 1561 oeconomia
1611 1527 1723 1568 ashefli
1760 1525 1807 1564 ὠ
1848 1527 2033 1572 magnetis;

1265 1575 1316 1611 ibi
1346 1577 1621 1612 Vocabularium
1647 1590 1705 1623 per
1725 1575 1885 1611 ordinem
1911 1575 2033 1623 alpha-

1201 1647 1235 1682 Β
1267 1626 1421 1662 beticum
1450 1626 1647 1662 dictionum
1687 1626 1725 1662 in
1753 1628 1945 1672 Chrysopeja
1971 1638 2034 1661 oc-

1267 1677 1505 1712 currentium:
1537 1677 1587 1714 ibi
1619 1676 1802 1712 methodus
1834 1675 2033 1722 temperandi

1262 1727 1363 1769 ferri,
1386 1726 1581 1773 conscripta
1609 1726 1669 1761 sub
1695 1728 1842 1770 Principe
1862 1727 2034 1773 Philippo.

1268 1777 1365 1812 Haec
1403 1776 1524 1810 omnia
1560 1778 1691 1810 Graece
1729 1775 1874 1823 scripta.
1907 1777 2032 1812 Codex

1267 1826 1355 1862 olim
1382 1824 1451 1862 fuit
1477 1825 1652 1861 francisci
1681 1825 1827 1862 Patricii
1855 1825 1923 1861 viri
1944 1824 2034 1862 Cla-

1268 1875 1413 1912 riffimi.
1443 1878 1575 1923 Magna
1604 1876 1749 1911 nomina
1787 1876 1879 1911 hisce
1911 1875 2033 1913 Libris

1269 1924 1458 1974 praeposita
1496 1925 1615 1967 vides,
1644 1933 1679 1959 at
1714 1924 1783 1961 fere
1820 1926 1964 1969 omnia,
1992 1934 2033 1962 ut

1270 1973 1396 2009 merito
1433 1985 1503 2007 non
1548 1972 1738 2021 suspicari,
1777 1974 1830 2010 sed
1868 1975 2033 2011 arbitrari

1268 2024 1376 2062 licet,
1404 2022 1622 2062 adulterina,
1649 2034 1754 2071 atque
1789 2025 1894 2073 longe
1926 2025 2031 2062 serius

1270 2072 1440 2109 confih‘ta.
1475 2075 1513 2108 In
1542 2072 1720 2122 Catalogo
1758 2077 1863 2110 MSto
1892 2077 2032 2112 Biblio-

1269 2124 1390 2161 thecae
1426 2123 1554 2171 Regiae
1591 2125 1832 2167 Scorialenfis,
1863 2139 1964 2173 quem
1994 2140 2033 2163 a-

1271 2174 1338 2224 pud
1367 2187 1422 2210 me
1441 2174 1561 2217 servo,
1585 2175 1724 2211 testatur
1751 2177 1866 2211 David
1888 2178 2032 2213 colvil-

1271 2227 1345 2270 lus,
1383 2224 1414 2260 se
1447 2224 1526 2261 illic
1554 2225 1676 2261 vidisse
1703 2227 1874 2262 Trac't’aeus
1902 2230 2032 2263 Graecos

1269 2278 1307 2314 de
1321 2276 1489 2312 Alchemia
1508 2277 1685 2313 innumeros
1705 2278 1861 2322 adespotos
1874 2303 1884 2313 .
1906 2279 1958 2314 lta
1973 2279 2031 2313 in-

1272 2326 1380 2363 cautis
1419 2326 1640 2375 nimiumque
1677 2328 1826 2364 credulis
1853 2329 1941 2364 retia
1969 2341 2031 2363 an-

1271 2377 1364 2426 tiqui
1389 2378 1578 2414 nebulones
1602 2378 1691 2415 olim
1720 2380 1929 2415 tendebant.
1956 2381 2031 2415 Ne-

1271 2442 1338 2477 que
1364 2428 1456 2467 secus
1483 2440 1628 2479 egerunt
1653 2443 1773 2466 eorum
1799 2429 1897 2465 fimul
1923 2438 2028 2477 atque

1272 2481 1425 2517 Arabum
1442 2480 1605 2529 discipuli
1622 2480 1816 2517 Christiani
1833 2480 2027 2527 Europaei.

1272 2531 1449 2568 Habemus
1476 2531 1515 2570 &
1542 2546 1605 2570 nos
1634 2531 1887 2570 Chemicorum
1926 2532 2030 2567 volu-

1881 2596 1979 2633 mina
