2237 3084
259 225 311 256 ,ι
441 178 813 251 mamurra
835 198 1578 260 QADRAGESJMAQARTA:
1695 208 1751 250 ‘22

197 270 294 318 gibus
326 267 484 303 Romanis
510 265 697 313 justiniani
729 261 955 308 Imperatoris,
985 262 1022 298 A
1054 258 1187 294 verfia.
1226 260 1333 304 Quod
1374 268 1492 296 tamen
1533 273 1638 308 paene
1678 275 1812 301 certum

198 331 322 364 operam
343 319 517 362 dederunt,
544 329 596 352 eas
619 317 718 360 legere
740 313 784 346 <9-
806 313 882 348 aliis
902 325 954 345 ex—

195 380 327 418 ponere.
364 368 533 417 Equidem
551 391 562 408 ‚
598 370 638 398 ut
667 375 789 398 verum
817 361 954 407 fatear,

198 421 372 463 dubium,
407 415 667 461 ancipitemque
702 414 748 449 in,
778 412 838 449 ista
871 425 952 448 con-

199 469 362 506 troversia
389 479 444 501 me
472 464 585 500 sentio
602 491 613 510 ,
648 463 790 512 quando
817 472 954 499 tantam

198 521 292 557 inter
318 514 586 563 Urspergensem
625 527 663 550 ac
692 514 884 550 Robertum
913 514 955 549 de

195 572 324 606 Monte
349 565 557 601 discordiam
586 565 747 605 intueor,
771 578 879 613 quum
908 564 954 600 il-

195 620 228 654 le
254 617 296 652 ad
321 619 467 653 Annum
492 617 703 652 MCXXVI.
730 615 791 651 sub
817 614 955 651 Lotha-

195 668 251 704 rio
272 669 318 703 11.
343 680 382 703 ac
405 665 427 701 fi
453 666 566 702 mavis
591 667 633 702 ad
658 669 803 702 Annum
828 667 955 702 MC11.

193 718 254 754 sub
280 716 469 754 Comitiffa
497 717 698 761 mathilde,
736 717 875 756 Irnerii,
913 715 953 751 fi-

194 782 238 804 ve
273 768 470 808 Guarnen'i,
506 767 563 804 seu
600 767 763 803 Warnm'i
802 776 953 803 aetatem

194 832 234 855 ac
261 820 397 854 labores
421 818 567 862 statuat,
591 819 681 854 alter
703 819 787 854 verb
815 818 857 853 ad
878 821 953 853 An-

193 882 278 905 num
301 871 496 905 Mxxxn.
520 868 592 904 Etsi
613 869 872 916 aliquantulum
894 881 953 903 ve·

192 919 316 956 tustior
357 920 529 955 Robertus
570 919 612 956 de
651 921 806 960 Monte,
846 919 951 966 quam

192 971 315 1008 Abbas
351 969 616 1019 Urspergensis,
653 980 800 1018 uterque
835 978 953 1005 tamen

192 1020 317 1057 multis
345 1021 417 1069 post
445 1020 636 1057 Lanfranci
673 1031 824 1057 mortem
854 1019 954 1055 annis

195 1071 346 1115 floruit,
382 1070 421 1107 ὅ(
459 1071 616 1119 scripsit,
652 1071 704 1106 ita
740 1080 779 1106 ut
806 1084 867 1106 cur
893 1070 954 1105 uni

192 1120 311 1170 potius
337 1122 443 1167 quam
482 1121 584 1155 alteri
624 1120 729 1156 fidem
765 1121 954 1165 adhibeas,

192 1179 254 1207 aut
280 1169 412 1219 neges?
451 1169 690 1219 Urspergenfis
717 1178 834 1206 autem
863 1172 954 1206 mul—

191 1231 247 1258 tos
290 1234 310 1256 e
350 1220 635 1270 praecedentibus
676 1220 866 1257 Historicis
913 1221 954 1256 ad

192 1284 336 1309 manum
365 1271 512 1316 habuit,
548 1271 631 1307 dum
663 1270 758 1307 suam
789 1281 955 1307 contexe-

193 1332 250 1359 ret
285 1321 497 1359 Historiam.
534 1324 713 1359 Praeterea
749 1322 846 1358 Milo
873 1323 954 1359 cri-

193 1373 311 1422 spinus
329 1400 339 1417 ,
368 1372 508 1409 Cantor
535 1374 711 1410 Beccenfis
739 1373 778 1410 in
806 1373 893 1410 Vita
920 1388 954 1410 e—

194 1424 325 1473 jusdem
354 1424 454 1459 Beati
482 1424 672 1460 Lanfranci
701 1426 788 1473 Cap.
817 1426 844 1460 1.
871 1424 955 1461 haec

192 1476 333 1511 tantum
374 1474 527 1510 scribit:
572 1477 610 1509 In
646 1475 815 1520 primae-va
853 1486 956 1510 aetate

190 1535 283 1570 patre
309 1526 456 1568 orbatus,
485 1538 580 1571 quum
606 1525 637 1559 ei
672 1526 706 1559 in
741 1526 882 1560 bonorem
908 1526 955 1565 &³

190 1576 383 1622 dignitatem
404 1575 562 1620 succedere
587 1578 729 1616 deberet,
757 1575 871 1611 relic‘ll
897 1576 954 1611 Ci-

189 1626 315 1665 vitate.
342 1639 444 1662 amore
469 1626 632 1671 discendi,
660 1628 704 1661 ad
725 1626 837 1669 studia
864 1627 954 1662 Liu-
989 1625 1021 1657 D

190 1689 297 1711 rarum
320 1677 480 1723 perrexit:
503 1675 561 1711 ubi
582 1678 720 1721 plurimo
743 1687 876 1724 tempore
900 1679 952 1711 de—

189 1737 350 1769 moratus,
377 1729 462 1760 omni
482 1727 618 1768 seientia?
642 1728 798 1768 saeculari
822 1726 956 1772 perseble

192 1776 329 1809 imbutus
357 1775 477 1808 rediit.
515 1773 550 1807 Si
580 1774 796 1811 Lanfrancus
824 1776 858 1810 in
884 1777 952 1823 pri-

192 1837 305 1859 maeva
326 1832 429 1857 aetate
451 1821 492 1856 ad
518 1821 626 1856 studia
646 1823 848 1858 Literarum
876 1838 952 1868 pro-

191 1873 302 1909 fefiffls
329 1872 398 1916 est,
429 1870 467 1907 &
495 1870 637 1919 quidem
664 1885 765 1906 amore
790 1873 952 1918 discendi,

191 1923 275 1972 quei
301 1923 401 1958 nobis
428 1936 446 1957 a
472 1922 628 1957 Roberto
652 1922 839 1958 exhibetur
863 1924 953 1959 alio—

191 1988 268 2011 rum
293 1973 331 2009 in
353 1972 462 2008 studio
483 1974 618 2020 Legum
643 1972 836 2022 Magister?
864 1976 953 2010 Rur-

192 2026 276 2069 sus,
315 2023 338 2059 fi
371 2025 501 2073 primus
538 2023 630 2059 inter
657 2024 766 2060 Italos
802 2034 952 2073 repertas

191 2076 281 2124 apud
310 2075 505 2111 Bononiam
534 2076 646 2123 Leges
674 2075 841 2124 Magister
868 2075 952 2111 fuis—
986 2071 1015 2104 Ε

191 2127 243 2163 set
272 2126 541 2175 interpretatus,
569 2139 629 2161 cur
657 2125 745 2162 hanc
772 2127 845 2175 ejus
876 2127 951 2162 lau-

190 2177 268 2213 dem
299 2190 368 2213 non
406 2177 581 2221 novisset,
618 2190 686 2212 non
715 2176 950 2226 depraedicas-

191 2228 241 2264 set
269 2228 366 2265 Milo
395 2227 568 2264 Beccenfis
597 2226 817 2269 Monachus,
845 2239 950 2276 atque

191 2279 290 2316 illius
319 2277 496 2326 aequalis?
527 2277 632 2314 Hisce
659 2278 765 2319 adde,
794 2293 858 2315 nos
885 2294 949 2315 nu-

192 2342 251 2378 per
279 2329 402 2366 vidiffe
440 2330 639 2364 Warnerium
666 2331 815 2374 Judicem
844 2334 947 2365 Bono-

193 2381 326 2425 niensem
351 2385 392 2416 ab
418 2379 575 2416 Henrico
601 2382 663 2415 IV.
693 2381 848 2429 Augusto
876 2395 947 2417 ma-

196 2430 255 2476 gni
282 2431 409 2467 fabium
425 2456 434 2471 ‚
455 2431 515 2479 qui
544 2432 664 2479 procul
688 2431 796 2467 dubio
824 2432 944 2467 viven-

195 2487 231 2513 te
266 2482 442 2518 Mathilda
479 2481 664 2517 Comitiffa
705 2481 853 2518 floruit.
895 2486 947 2519 At

194 2540 265 2564 non
292 2530 390 2579 plura
415 2545 479 2578 ego
505 2533 546 2567 de
578 2532 777 2580 hujusmodi
805 2542 946 2570 contro·
967 2569 972 2575 ,

1055 323 1151 349 reor,
1164 322 1380 358 nequaquam
1393 311 1435 345 ab
1447 313 1555 346 Anno
1566 313 1741 347 Mcxxv
1752 317 1813 350 111.

1057 372 1137 395 cum
1166 360 1381 396 Dofi'mribus
1409 360 1683 397 Bononiensibus
1710 363 1816 399 dedu-

1057 410 1165 446 cenda
1201 410 1246 446 est
1281 412 1383 459 origo
1410 411 1556 447 Scholae
1589 411 1628 447 in
1655 413 1817 448 Civitate

1058 460 1269 497 Bononiensi
1291 488 1300 497 .
1340 462 1480 498 Testem
1517 475 1641 510 nempe
1677 461 1820 507 habeo,

1058 512 1120 558 qui
1148 512 1185 547 id
1212 511 1304 547 mihi
1332 512 1556 560 persuadeat.
1585 513 1619 548 Is
1646 513 1691 548 est
1717 515 1820 549 Ano-

1059 575 1185 608 nymus
1212 562 1352 599 Αυξὶοι·
1379 563 1554 599 Poematis
1582 564 1741 607 Cumani,
1776 563 1819 599 fi—

1058 626 1101 648 ve
1135 615 1174 647 de
1203 613 1295 647 Betlo
1326 621 1372 651 Θ
1408 614 1525 648 excidio
1556 613 1650 648 Urbis
1685 617 1819 649 Comen-

1051 663 1120 705 fis,
1146 664 1241 710 quod
1270 663 1492 700 inlustratum
1521 677 1540 700 a
1567 665 1625 700 Cl.
1652 666 1697 700 V.
1724 663 1819 708 jose-

995 716 1024 750 B
1059 713 1128 762 pho
1155 713 1273 750 Maria
1309 717 1451 763 Stampa
1480 714 1623 751 Clerico
1651 714 1818 763 Regulari

1058 764 1292 800 Somaschenfi
1309 792 1320 808 ,
1353 766 1390 801 in
1417 767 1537 801 Tomo
1565 768 1610 802 V.
1641 768 1718 801 Rer.
1746 766 1819 802 Ita-

1058 815 1156 850 licar.
1184 815 1371 864 evulgavi:
1403 816 1458 853 lbi
1485 819 1591 852 Poeta
1615 830 1667 852 res
1691 815 1819 865 gestas,

1058 865 1181 923 easque
1216 879 1236 902 a
1271 868 1305 903 se
1340 865 1432 902 visas
1467 866 1660 917 describit3
1698 866 1818 914 inquit

1058 929 1152 952 enim
1171 929 1181 952 ε

1057 1012 1414 1021 --------------
1442 994 1544 1039 Falsa
1569 995 1692 1034 tacebo,

1058 1045 1208 1090 ¹Quaeque
1226 1044 1302 1079 meis
1316 1044 1412 1079 oculis
1425 1044 1500 1080 vidi
1509 1069 1520 1085 ‚
1537 1045 1640 1092 potius
1657 1043 1817 1090 reserabn'

1059 1118 1124 1153 Ille
1150 1132 1234 1168 ergo
1266 1119 1343 1156 aaa
1369 1122 1479 1156 Anno
1514 1122 1691 1157 MCXIX.
1730 1119 1820 1156 refe-

1057 1181 1163 1212 rens,
1211 1170 1431 1218 Populosque
1466 1171 1643 1208 recensens
1681 1185 1700 1207 a
1737 1173 1820 1206 Me-

1057 1219 1312 1255 diolanenfibus
1358 1220 1491 1257 accitos
1535 1223 1698 1258 adversus
1745 1224 1820 1258 Co-

1058 1268 1216 1310 menses,
1255 1269 1354 1306 versu
1391 1283 1476 1308 211.
1517 1271 1556 1308 in
1592 1272 1678 1308 haec
1714 1273 1819 1308 verba

1056 1320 1239 1368 loquitur:

1057 1396 1162 1433 Doc‘t'a
1182 1396 1260 1443 suas
1281 1396 1384 1442 secum
1409 1397 1503 1432 duxit
1529 1397 1674 1433 Bononia
1701 1402 1822 1445 Leges.

1056 1471 1187 1508 Scribit
1221 1472 1285 1509 ille
1321 1472 1434 1509 rursus
1471 1473 1513 1509 ad
1540 1475 1686 1509 Annum
1724 1474 1820 1509 Mc-

1058 1525 1209 1558 xxvn.
1251 1523 1348 1558 versu
1394 1527 1502 1569 1848.
1544 1523 1817 1559 Bononienfium

1057 1573 1174 1658 copias
1215 1572 1536 1609 Mediolanensibus
1584 1572 1653 1607 sese
1694 1572 1820 1621 adjun-

1056 1637 1094 1659 xi
1124 1636 1164 1659 e:

1105 1697 1212 1733 Doc‘la
1239 1698 1384 1732 Bononia
1409 1696 1500 1729 venit
1520 1697 1562 1729 (9¹
1581 1696 1638 1730 buc
1663 1709 1730 1731 cum
1754 1700 1818 1732 Le-

1201 1748 1297 1791 gibus
1323 1758 1408 1779 una.

1054 1820 1090 1855 si
1135 1819 1279 1855 circiter
1313 1821 1460 1856 Annum
1506 1823 1698 1858 MCXXX.
1743 1824 1819 1859 Co-

1055 1869 1177 1906 mensis
1207 1872 1312 1906 Poeta
1342 1881 1414 1907 tam
1451 1872 1614 1921 expreffis
1650 1874 1684 1908 &
1713 1886 1817 1921 gran-

1054 1921 1155 1957 dibus
1191 1922 1351 1970 repetitis
1387 1923 1502 1959 verbis
1537 1923 1662 1958 doo‘lam
1697 1924 1819 1972 appel-

1054 1973 1127 2011 lat,
1154 1985 1300 2020 eamque
1336 1974 1456 2009 laudat
1482 1974 1537 2010 uti
1574 1973 1818 2022 Jurispruden-

1055 2023 1125 2059 tiae
1154 2025 1332 2059 Romanae
1368 2024 1571 2073 Magistram
1612 2026 1815 2070 Bononiam,

1054 2074 1138 2110 hinc
1164 2074 1346 2123 intelligas
1373 2076 1503 2112 necesse
1530 2076 1599 2119 est,
1637 2076 1707 2124 jam
1736 2076 1817 2111 lon-

1054 2138 1095 2174 ge
1122 2135 1223 2161 antea
1253 2125 1304 2161 ibi
1342 2125 1441 2161 fuisse
1476 2137 1665 2175 coeptam,
1686 2127 1816 2162 *immo

1055 2176 1311 2212 constabilitam
1325 2176 1531 2225 disciplinae
1549 2177 1690 2225 Legalis
1708 2177 1817 2213 Scho-

1054 2227 1123 2262 lam
1148 2255 1159 2271 ,
1200 2227 1340 2276 ejusque
1382 2230 1644 2276 praerogativae
1685 2228 1814 2264 famam

1054 2277 1173 2325 jandiu
1207 2280 1406 2328 evulgatam
1444 2279 1543 2316 fuisse
1579 2293 1639 2329 per
1672 2278 1815 2315 univer-

1053 2329 1123 2364 sam
1153 2330 1318 2366 Italiam.
1358 2333 1441 2366 Non
1478 2331 1607 2380 exiguo
1643 2342 1812 2365 annorum

1053 2379 1165 2428 spatio
1206 2395 1293 2429 opus
1335 2379 1404 2416 fuit
1442 2380 1735 2421 Bononiensibus,
1773 2387 1812 2414 ut

1051 2445 1125 2480 jure
1170 2431 1207 2467 in
1254 2431 1322 2467 suis
1372 2432 1536 2468 Nummis
1583 2432 1809 2468 inscriberent

1052 2483 1282 2518 BONONIA
1313 2485 1504 2520 DOCET.
1534 2485 1702 2518 Attamen
1739 2480 1809 2525 jam

1050 2534 1191 2618 circitgr
1211 2537 1356 2617 Aznnum
1384 2536 1574 2570 MCXXX.
1598 2529 1806 2617 coreptiasCi-
