2237 3084
407 222 464 269 ‘27
758 206 1130 266 ANTJQUJT.
1167 203 1377 249 MEDII
1403 202 1562 246 AEVI
1857 208 1911 252 28

400 272 458 309 Ad
494 270 612 307 eadem
649 275 806 318 tempora
843 268 1017 304 referenda
1060 266 1104 302 est

348 322 510 360 informis
530 322 682 362 Charta,
711 321 808 369 cujus
828 319 1025 367 exemplum
1049 317 1101 353 vi·

346 375 386 411 di
423 373 462 411 in
490 372 654 410 Archivo
694 370 842 416 menn,
884 368 923 406 ἀ
964 369 1103 417 qualern

1150 268 1181 303 A
1216 264 1350 312 reperi,
1379 263 1465 299 licet
1492 262 1616 299 multis
1651 263 1784 300 lacunis
1812 262 1849 301 ἀ
1877 279 1970 302 erro-

1217 315 1312 350 ribus
1333 314 1489 351 Librarii
1516 313 1784 355 intermixtam,
1809 315 1969 352 omnium

1218 366 1332 402 oculis
1359 365 1529 414 subjicio.

463 486 641 532 Donatio
672 483 933 543 complurium
964 483 1159 524 bonorum
1191 479 1292 523 faRa
1312 480 1361 522 ab
1393 478 1600 522 Eudochia
1632 479 1853 525 Sanc‘i'timo·

522 549 624 590 niale
656 545 897 589 Monasterio
928 542 1090 585 sanetae
1123 539 1277 582 Mariae
1301 539 1342 580 in
1367 538 1604 592 Cosmedin,
1635 543 1794 583 Raven-

759 614 831 648 nae
863 604 958 655 fito,
990 604 1134 654 Anno,
1166 610 1209 640 ut
1240 598 1424 651 videtur,
1456 606 1552 653 767.

395 727 430 761 N
455 723 577 760 nomine
606 723 715 760 Patris
741 719 787 760 ὼ
815 719 902 756 Filii
931 717 977 757 &¹
1003 716 1108 765 spiri·
1148 717 1178 752 B
1210 713 1297 750 datis
1317 713 1528 749 &laudibus
1546 713 1721 758 deservire.
1747 716 1819 752 Ideo
1836 714 1968 761 firmam

418 787 468 811 tus
494 774 629 811 Sanffi.
656 777 758 810 Anno
777 775 845 807 Deo
866 768 1005 818 propitio
1024 771 1107 803 Pon-

345 827 487 872 tificatus
513 825 646 862 Domini
668 822 831 869 johannis
852 819 970 867 summi
994 819 1107 856 Ponti-

338 877 414 923 ficis
440 877 486 916 &⁶
514 876 705 920 universalis
730 878 817 920 Pape
828 896 1015 909 ........
1042 873 1108 906 Deo

344 938 485 962 coronato
512 928 546 961 in
574 926 700 969 Italia,
726 930 828 961 Anno
856 926 893 959 V.
919 923 973 958 die
999 925 1107 956 Sexto-

343 980 460 1013 decimo
499 976 623 1018 Mensis
663 975 852 1012 Novembris
875 998 887 1015 ‚
929 972 1107 1009 Indidiione

344 1030 384 1063 V.
415 1033 619 1064 Ravennae.
654 1027 846 1072 Exemplum
880 1038 918 1058 ex
952 1022 1107 1059 autentico

343 1083 382 1115 de
408 1082 543 1115 Cartala
570 1078 786 1119 Donationis,
813 1089 908 1123 quam
933 1075 1008 1108 olim
1031 1071 1107 1114 fecit

342 1130 507 1166 Eudocln'a
531 1130 671 1166 Ancilla
696 1130 762 1165 Dei
788 1131 912 1163 Domno
937 1121 1106 1165 Anesiasio

340 1182 516 1216 Presbitero
542 1181 688 1228 Regulae
722 1175 915 1214 venerabilis
942 1173 1105 1214 Monastae-

340 1232 387 1266 rii
412 1231 551 1266 sanaque
585 1230 717 1265 Mariae
751 1231 787 1262 in
822 1224 988 1271 cosmedin
1017 1221 1105 1270 juris

333 1281 391 1328 sui
417 1283 452 1316 in
476 1292 678 1328 perpetuum.

394 1334 433 1366 In
459 1333 582 1366 nomine
607 1328 740 1366 Domini
766 1324 861 1369 nostri
876 1325 960 1370 Jesu
985 1323 1105 1367 Christi

340 1383 407 1418 Dei
426 1383 468 1416 Θ·
487 1380 669 1417 salvatoris
690 1378 785 1421 nostri
800 1404 811 1421 ‚
838 1379 1058 1421 Imperante..
1072 1400 1081 1411 .
1093 1401 1103 1411 .

337 1433 474 1480 piiffimo
509 1436 550 1468 P.
585 1435 624 1466 P.
659 1429 807 1476 Augusto
846 1426 1051 1470 Constantino
1084 1440 1105 1461 a

339 1487 409 1520 Deo
444 1493 583 1518 coronato
622 1493 735 1528 magno
773 1482 986 1524 Imperatore,
1026 1480 1105 1512 An-

340 1547 381 1568 no
391 1557 526 1569 .......
553 1532 757 1575 Principum:
782 1529 920 1575 ejusdem
945 1526 1105 1573 tranquil-

338 1584 447 1618 litatis
472 1586 574 1618 Anno
612 1579 765 1627 Vigefimo
795 1583 943 1624 Quarto,
974 1578 1032 1622 sed
1058 1575 1105 1615 (ἔφ’

340 1638 443 1669 Leone
469 1635 655 1679 Imperatore
680 1629 749 1676 ejus
769 1629 846 1674 filio
868 1630 972 1663 Anno
997 1628 1107 1672 ,Quin-

340 1683 489 1718 todecimo
504 1706 691 1716 ........
718 1680 826 1713 Tercio
858 1676 982 1718 Mensis
1009 1680 1106 1711 Mar—

341 1734 405 1773 eii,
442 1731 619 1767 Indic‘lione
633 1753 771 1765 ......
800 1731 979 1761 Ravennae
994 1752 1108 1763 .....

341 1784 390 1823 &
418 1783 530 1817 merita
546 1805 555 1819 ,
591 1793 627 1815 ac
652 1778 749 1813 etiam
775 1775 949 1819 beatiffima
974 1788 1108 1809 venera-

342 1834 421 1872 bilis
447 1832 593 1878 Regulae
603 1854 759 1867 ........
789 1828 823 1862 in
849 1824 1037 1870 cosmedin,
1075 1826 1108 1858 in

343 1899 406 1933 qua
432 1898 512 1919 nunc
542 1886 607 1918 Deo
631 1888 836 1926 protegente,
873 1875 920 1915 &
956 1874 1004 1909 ibi
1041 1877 1108 1909 Do-

344 1936 428 1971 mino
459 1936 683 1982 gubernante,
721 1932 883 1966 Domnus
914 1924 1109 1962 Anestafius

344 1986 502 2023 Presbiter
551 1986 594 2018 &-
643 1985 799 2018 Monacus
847 1990 939 2025 atque
983 1977 1105 2012 Abbas

342 2036 474 2083 praeeffe
507 2036 662 2070 videtur,
702 2035 773 2080 Ego
811 2031 936 2078 quidem
971 2027 1006 2062 in
1043 2026 1108 2062 Dei

1205 765 1292 813 spem
1319 764 1363 803 ἐφ
1386 764 1543 810 fiduciam
1582 765 1731 800 babentes
1757 766 1802 804 ό*
1829 776 1969 814 apertam

1209 815 1336 851 divinis
1352 815 1602 862 promistionibus
1619 816 1876 859 inaestimabilem
1895 819 1970 852 bea-

1210 867 1379 902 titudinem
1413 869 1538 902 animae
1573 880 1676 907 meae,
1712 881 1748 903 ae
1779 878 1836 915 pro
1869 868 1968 903 venia

1209 918 1394 953 delie't’orum
1429 929 1590 966 meorum;
1628 918 1662 952 in
1698 930 1850 965 quantum
1884 919 1971 953 viret

1210 967 1363 1015 exigunt,
1400 967 1447 1006 &⁴
1482 969 1657 1015 spontanea
1698 982 1765 1004 mea
1806 970 1971 1004 voluntate

1209 1019 1297 1053 nullo
1321 1019 1448 1063 penitus
1474 1029 1595 1066 cogente
1621 1031 1717 1065 neque
1752 1020 1971 1066 compellente,

1208 1070 1262 1104 vel
1287 1069 1356 1103 vim
1383 1067 1532 1110 inferente
1548 1080 1568 1110 ,·
1589 1068 1647 1112 sed
1673 1069 1792 1110 nostrae
1828 1069 1974 1115 propriae

1208 1119 1444 1154 deliberationis
1480 1117 1528 1156 &⁹
1563 1117 1694 1153 arbitrio
1727 1120 1767 1152 do
1794 1117 1840 1155 ῤ’
1866 1120 1970 1163 dono,

1208 1170 1278 1204 cedo
1292 1194 1303 1209 ‚
1338 1170 1428 1204 trado
1440 1193 1556 1204 ......
1590 1167 1752 1214 ρναεάὶέῖο
1777 1169 1971 1211 Monasierio

1207 1219 1347 1255 Sancflae
1366 1220 1544 1266 semperque
1572 1219 1716 1266 Virginis
1743 1220 1805 1254 Dei
1828 1219 1972 1254 Genitri-

1207 1271 1252 1306 eis
1277 1271 1435 1310 Mariae,
1462 1283 1540 1317 quae
1565 1280 1696 1304 vocatur
1722 1269 1756 1303 in
1784 1270 1969 1314 Cosmedin,

1207 1322 1448 1367 poffidendum‚
1489 1320 1566 1363 idest
1598 1321 1738 1365 fundum
1772 1324 1874 1355 Centu
1909 1323 1972 1355 Co-

1208 1374 1305 1408 lonna
1318 1397 1330 1412 ,
1356 1372 1411 1420 qui
1435 1381 1564 1406 vocatur
1590 1375 1698 1406 Ronco
1713 1398 1724 1415 ,
1751 1372 1795 1406 <9¹
1830 1372 1971 1416 fundum

1210 1423 1358 1464 Visiano‚
1393 1423 1450 1470 qui
1474 1433 1606 1457 vocatur
1631 1423 1775 1456 Teudota
1789 1446 1800 1462 ‚
1828 1423 1872 1456 <9⁴
1892 1422 1972 1466 sun-

1207 1475 1283 1508 dum
1303 1474 1466 1517 Lueiano,
1486 1473 1542 1519 qui
1560 1482 1692 1507 vocatur
1709 1472 1835 1516 Potito,
1857 1485 1971 1506 necnon

1208 1523 1255 1563 ό*
1277 1525 1416 1568 fundum
1442 1526 1603 1557 Cardeto:
1637 1523 1690 1557 hec
1726 1523 1831 1557 omnia
1858 1522 1892 1556 in
1919 1523 1974 1556 in-

1207 1585 1329 1622 tegrum
1357 1575 1439 1609 inter
1464 1572 1578 1619 affines
1594 1598 1734 1608 ......
1761 1572 1912 1607 lateribus
1931 1574 1973 1608 ab

1142 1625 1177 1658 D
1206 1639 1268 1660 uno
1294 1627 1390 1661 latere
1421 1625 1559 1669 fundum
1586 1624 1732 1669 Caelo,
1769 1636 1806 1656 ex
1831 1623 1896 1658 alio
1921 1622 1974 1658 la-

1207 1686 1270 1710 tere
1289 1677 1429 1720 fundum
1455 1675 1622 1718 Gaibano,
1654 1674 1710 1719 seu
1735 1688 1755 1707 a
1781 1673 1873 1708 tercio
1894 1672 1973 1717 fun-

1207 1726 1283 1760 dum
1308 1729 1406 1760 latere
1432 1727 1534 1759 limite
1549 1751 1560 1767 ‚
1597 1725 1652 1769 qui
1687 1733 1818 1758 vocatur
1843 1724 1973 1758 Sclara-

1208 1788 1247 1810 no
1263 1802 1275 1819 ,
1310 1785 1404 1822 atque
1430 1788 1452 1809 a
1478 1784 1589 1820 quarto
1614 1773 1712 1805 latere
1748 1772 1814 1805 alio
1847 1772 1972 1813 limite,

1207 1827 1263 1870 qui
1289 1828 1333 1858 ad
1360 1824 1515 1862 Rasiola,
1543 1822 1599 1854 vel
1623 1819 1764 1854 omnibus
1788 1822 1832 1854 ad
1857 1822 1974 1865 eosdem

1203 1873 1322 1918 fundos
1346 1870 1596 1918 pertinentibus.
1633 1872 1681 1903 Et
1707 1869 1832 1916 insuper
1856 1873 1897 1905 do
1924 1872 1971 1909 &⁰
2027 1892 2029 1894 ·

1209 1925 1289 1958 dono
1315 1922 1349 1955 in
1371 1921 1581 1968 suprascripto
1608 1921 1783 1955 venerabili
1808 1921 1869 1954 loco
1895 1923 1974 1954 Mo-

1210 1973 1342 2016 nafterio
1368 1970 1503 2006 sanetae
1539 1971 1694 2012 Mariae,
1730 1983 1809 2016 quae
1843 1982 1973 2006 vocatur

1210 2025 1245 2059 in
1272 2022 1438 2067 Cosmedin
1456 2045 1466 2061 ‚
1496 2022 1549 2056 hoc
1575 2021 1617 2063 est
1638 2020 1777 2065 fundum
1805 2021 1975 2067 Mignonis

344 2089 466 2122 nomine
493 2086 656 2122 Eudocbia
682 2082 897 2130 suprascripta
923 2082 991 2114 Deo
1016 2078 1103 2113 dica·
1133 2073 1170 2116 ,E
1211 2075 1388 2121 integrum,
1416 2072 1462 2111 e&
1485 2073 1621 2116 fundum
1642 2072 1697 2118 qui
1715 2082 1844 2106 vocatur
1863 2072 1973 2118 Quin-

343 2149 379 2174 ta
405 2139 523 2173 ancilla
544 2138 606 2172 Dei
625 2135 772 2170 donatrix
790 2132 894 2174 vestra
904 2154 994 2166 .....
1021 2128 1106 2162 omni

344 2189 576 2224 renunciatione
601 2187 725 2222 animae
760 2196 843 2218 meae
878 2192 971 2227 atque
1007 2193 1104 2227 quon-

345 2243 419 2276 dam
445 2251 608 2286 parentum
634 2249 765 2271 meorum
790 2233 934 2278 praesens
958 2232 1103 2276 praesen-

345 2296 385 2326 eis
409 2292 527 2336 salutis
537 2315 669 2326 .......
694 2287 740 2326 &⁴
765 2283 945 2320 donationis
967 2283 1102 2329 scriptu—

345 2355 450 2377 rarum
477 2342 557 2376 ratio
594 2353 646 2374 nos
678 2347 858 2386 promovet,
896 2335 956 2368 illa
987 2334 1105 2379 semper

344 2393 532 2433 considerare
550 2403 642 2438 atque
660 2390 818 2434 disponere
844 2399 900 2433 que
926 2384 1102 2419 animarum

344 2445 460 2478 meritis
489 2447 629 2478 dommus
657 2443 721 2486 ejus
757 2449 926 2473 creaturam
952 2436 1102 2469 hominem

341 2496 440 2539 solum
453 2520 544 2530 .....
573 2494 666 2528 etiam
702 2492 838 2525 humana
865 2487 998 2522 conditio
1009 2511 1101 2521 .....

347 2546 380 2580 in
407 2557 574 2594 opportuno
592 2554 720 2588 tempore
739 2541 862 2577 divinis
887 2550 994 2586 parere
1012 2550 1100 2572 man-

1205 2125 1301 2173 geri,
1329 2125 1375 2164 &⁹
1403 2123 1617 2170 Cafflizaria,
1649 2123 1704 2166 seu
1736 2122 1869 2165 fundum
1902 2125 1972 2158 Fa-

1210 2177 1324 2223 brigo‚
1351 2175 1394 2208 &¹
1424 2174 1561 2218 fundum
1597 2172 1777 2215 Cufleduda
1808 2173 1972 2220 pertinen-

1211 2237 1271 2261 tem
1297 2225 1390 2273 usque
1415 2238 1436 2259 a
1462 2225 1595 2258 limitem
1631 2226 1799 2259 mundum.
1837 2226 1884 2258 Et
1919 2224 1972 2258 in-

1205 2278 1298 2324 super
1336 2280 1415 2311 dono
1464 2275 1498 2310 in
1543 2275 1753 2322 suprascripto
1796 2273 1974 2309 venerabili

1211 2326 1402 2371 Monasterio
1427 2326 1566 2362 sanflae
1593 2326 1748 2365 Mariae,
1775 2339 1852 2372 quae
1878 2337 1972 2360 voca-

1211 2379 1322 2413 turin
1358 2377 1543 2422 Cosmedin‚
1580 2377 1657 2418 idest
1686 2376 1825 2421 fundum
1858 2376 1972 2419 Casale

1212 2430 1344 2473 Pauli,
1384 2431 1465 2476 quod
1504 2428 1546 2472 esi
1585 2428 1715 2468 Canio,
1757 2427 1800 2461 (9·
1832 2427 1970 2471 fundum

1212 2479 1351 2516 Farnuli
1363 2503 1373 2519 ‚
1401 2481 1444 2514 (9'
1466 2479 1601 2523 fundum
1637 2478 1792 2512 Molarito
1808 2505 1817 2519 ‚
1856 2480 1967 2512 Vetuc-

1210 2534 1258 2567 eia
1271 2559 1284 2577 ,
1319 2531 1363 2567 (9⁶
1397 2541 1459 2565 tres
1498 2530 1606 2566 uncias
1641 2529 1846 2576 particulares
1884 2528 1966 2562 inte-

1822 2590 1918 2624 gras,
